Empresa:,,,,,,,LK COMUNICACAO DIGITAL LTDA,,,,,,,,,,,,,,,,,Folha:,,,,0001,
C.N.P.J.:,,,,,,,40.500.195/0001-53,,,,,,,,,,,,,,,,,,,,,,
Período:,,,,,,,01/01/2025 - 31/07/2025,,,,,,,,,,,,,,,,,,,,,,
,,,,,,,,,,,,,,,,,,,,,,,,,,,,,
RAZÃO,,,,,,,,,,,,,,,,,,,,,,,,,,,,,
,,,,,,,,,,,,,,,,,,,,,,,,,,,,,
Data,,,,,Histórico,,,,,,,,,,Cta.C.Part.,,Débito,,Crédito,,Saldo,,,,,,Saldo-Exercício,,
Conta:,,5,,,,,-,,1.1.1.01.0001,,,,CAIXA,,,,,,,,,,,,,,,,
,,,,,SALDO ANTERIOR,,,,,,,,,,,,,,,,,,,,,,"4,580.16d",,
20/01/2025,,,,,PAGAMENTO SIMPLES 12/2024 ,,,,,,,,,,479,,,,596.03,,596.03c,,,,,,"3,984.13d",,
20/01/2025,,,,,PAGAMENTO DE INSS MÊS 12/2024 ,,,,,,,,,,191,,,,155.32,,751.35c,,,,,,"3,828.81d",,
26/01/2025,,,,,PAGAMENTO 2983 COLINEAR CONTABILIDADE E FINANCAS LTDA 1-1 ,,,,,,,,,,3002,,,,297.00,,"1,048.35c",,,,,,"3,531.81d",,
11/02/2025,,,,,PAGAMENTO DE PRÓ-LABORE MÊS 01/2025  ,,,,,,,,,,188,,,,94.34,,94.34c,,,,,,"3,437.47d",,
20/02/2025,,,,,PAGAMENTO SIMPLES 01/2025 ,,,,,,,,,,479,,,,507.60,,601.94c,,,,,,"2,929.87d",,
28/02/2025,,,,,PAGAMENTO 3282 COLINEAR CONTABILIDADE E FINANCAS LTDA 1-1 ,,,,,,,,,,3002,,,,297.00,,898.94c,,,,,,"2,632.87d",,
24/04/2025,,,,,PAGAMENTO 3924 COLINEAR CONTABILIDADE E FINANCAS LTDA 1-1 ,,,,,,,,,,3002,,,,297.00,,297.00c,,,,,,"2,335.87d",,
Conta:,,675,,,,,-,,1.1.1.02.0016,,,,BANCO CORA,,,,,,,,,,,,,,,,
,,,,,SALDO ANTERIOR,,,,,,,,,,,,,,,,,,,,,,0.00,,
09/01/2025,,,,,RECEBIMENTO 439 NEW PLAN CONSTRUTORA LTDA 1-1 ,,,,,,,,,,5021,,"1,180.00",,,,"1,180.00d",,,,,,"1,180.00d",,
10/01/2025,,,,,RECEBIMENTO 422 TERRAZA SANTA HELENA SPE LTDA 1-1 ,,,,,,,,,,5010,,"1,140.00",,,,"2,320.00d",,,,,,"2,320.00d",,
10/01/2025,,,,,RECEBIMENTO 440 AGÊNCIA DE MARKETING ÁUREA LTDA 1-1 ,,,,,,,,,,5022,,"2,600.00",,,,"4,920.00d",,,,,,"4,920.00d",,
10/01/2025,,,,,RECEBIMENTO 419 LINCE PARTICIPACOES E EMPREENDIMENTOS LTDA 1-1 ,,,,,,,,,,3001,,480.00,,,,"5,400.00d",,,,,,"5,400.00d",,
10/01/2025,,,,,RECEBIMENTO 437 AESTRA GESTAO E NEGOCIOS LTDA 1-1 ,,,,,,,,,,5017,,340.00,,,,"5,740.00d",,,,,,"5,740.00d",,
10/01/2025,,,,,RECEBIMENTO 438 NION ACESSORIA 1-1 ,,,,,,,,,,5018,,340.00,,,,"6,080.00d",,,,,,"6,080.00d",,
10/01/2025,,,,,RECEBIMENTO 420 ASSOCIAÇÃO SCANGELS 1-1 ,,,,,,,,,,5002,,580.00,,,,"6,660.00d",,,,,,"6,660.00d",,
10/01/2025,,,,,RECEBIMENTO 421 JARISE LANGE FLORIANO LTDA 1-1 ,,,,,,,,,,5003,,650.00,,,,"7,310.00d",,,,,,"7,310.00d",,
13/01/2025,,,,,RECEBIMENTO 436 COLINEAR CONTABILIDADE E FINANCAS LTDA 1-1 ,,,,,,,,,,5012,,390.00,,,,"7,700.00d",,,,,,"7,700.00d",,
13/01/2025,,,,,RECEBIMENTO 435 TERRAZA EMPREENDIMENTOS LTDA 1-1 ,,,,,,,,,,5009,,760.00,,,,"8,460.00d",,,,,,"8,460.00d",,
13/01/2025,,,,,PAGAMENTO DE PRÓ-LABORE MÊS 12/2024  ,,,,,,,,,,188,,,,"1,256.68",,"7,203.32d",,,,,,"7,203.32d",,
14/01/2025,,,,,"DISTRIBUIÇÃO ANTECIPADA DE LUCROS À SOCIA LARA CRISTINA KREUSCH
",,,,,,,,,,658,,,,"7,000.00",,203.32d,,,,,,203.32d,,
14/01/2025,,,,,"DISTRIBUIÇÃO ANTECIPADA DE LUCROS À SOCIA LARA CRISTINA KREUSCH
",,,,,,,,,,658,,,,203.32,,0.00,,,,,,0.00,,
10/02/2025,,,,,RECEBIMENTO 446 COLINEAR CONTABILIDADE E FINANCAS LTDA 1-1 ,,,,,,,,,,5012,,780.00,,,,780.00d,,,,,,780.00d,,
10/02/2025,,,,,RECEBIMENTO 450 AGÊNCIA DE MARKETING ÁUREA LTDA 1-1 ,,,,,,,,,,5022,,"2,600.00",,,,"3,380.00d",,,,,,"3,380.00d",,
10/02/2025,,,,,RECEBIMENTO 434 TERRAZA SANTA HELENA SPE LTDA 1-1 ,,,,,,,,,,5010,,"1,140.00",,,,"4,520.00d",,,,,,"4,520.00d",,
10/02/2025,,,,,RECEBIMENTO 448 NION ACESSORIA 1-1 ,,,,,,,,,,5018,,340.00,,,,"4,860.00d",,,,,,"4,860.00d",,
10/02/2025,,,,,RECEBIMENTO 433 JARISE LANGE FLORIANO LTDA 1-1 ,,,,,,,,,,5003,,650.00,,,,"5,510.00d",,,,,,"5,510.00d",,
11/02/2025,,,,,RECEBIMENTO 449 NEW PLAN CONSTRUTORA LTDA 1-1 ,,,,,,,,,,5021,,"1,180.00",,,,"6,690.00d",,,,,,"6,690.00d",,
11/02/2025,,,,,RECEBIMENTO 423 TERRAZA EMPREENDIMENTOS LTDA 1-1 ,,,,,,,,,,5009,,760.00,,,,"7,450.00d",,,,,,"7,450.00d",,
11/02/2025,,,,,RECEBIMENTO 431 LINCE PARTICIPACOES E EMPREENDIMENTOS LTDA 1-1 ,,,,,,,,,,3001,,480.00,,,,"7,930.00d",,,,,,"7,930.00d",,
11/02/2025,,,,,RECEBIMENTO 442 ASSOCIAÇÃO SCANGELS 1-1 ,,,,,,,,,,5002,,580.00,,,,"8,510.00d",,,,,,"8,510.00d",,
11/02/2025,,,,,PAGAMENTO DE PRÓ-LABORE MÊS 01/2025  ,,,,,,,,,,188,,,,"1,256.68",,"7,253.32d",,,,,,"7,253.32d",,
11/02/2025,,,,,"DISTRIBUIÇÃO ANTECIPADA DE LUCROS À SOCIA LARA CRISTINA KREUSCH
",,,,,,,,,,658,,,,"1,000.00",,"6,253.32d",,,,,,"6,253.32d",,
11/02/2025,,,,,"DISTRIBUIÇÃO ANTECIPADA DE LUCROS À SOCIA LARA CRISTINA KREUSCH
",,,,,,,,,,658,,,,"6,000.00",,253.32d,,,,,,253.32d,,
12/02/2025,,,,,PAGAMENTO DE INSS MÊS 01/2025 ,,,,,,,,,,191,,,,166.98,,86.34d,,,,,,86.34d,,
12/02/2025,,,,,"DISTRIBUIÇÃO ANTECIPADA DE LUCROS À SOCIA LARA CRISTINA KREUSCH
",,,,,,,,,,658,,,,86.34,,0.00,,,,,,0.00,,
13/02/2025,,,,,RECEBIMENTO 447 AESTRA GESTAO E NEGOCIOS LTDA 1-1 ,,,,,,,,,,5017,,340.00,,,,340.00d,,,,,,340.00d,,
13/02/2025,,,,,REFERENTE A JUROS 447 AESTRA GESTAO E NEGOCIOS LTDA 1-1 ,,,,,,,,,,433,,7.25,,,,347.25d,,,,,,347.25d,,
13/02/2025,,,,,"DISTRIBUIÇÃO ANTECIPADA DE LUCROS À SOCIA LARA CRISTINA KREUSCH
",,,,,,,,,,658,,,,47.25,,300.00d,,,,,,300.00d,,
14/02/2025,,,,,"DISTRIBUIÇÃO ANTECIPADA DE LUCROS À SOCIA LARA CRISTINA KREUSCH
",,,,,,,,,,658,,,,300.00,,0.00,,,,,,0.00,,
10/03/2025,,,,,RECEBIMENTO 441 LINCE PARTICIPACOES E EMPREENDIMENTOS LTDA 1-1 ,,,,,,,,,,3001,,480.00,,,,480.00d,,,,,,480.00d,,
10/03/2025,,,,,RECEBIMENTO 460 NION ACESSORIA 1-1 ,,,,,,,,,,5018,,340.00,,,,820.00d,,,,,,820.00d,,
10/03/2025,,,,,RECEBIMENTO 443 JARISE LANGE FLORIANO LTDA 1-1 ,,,,,,,,,,5003,,650.00,,,,"1,470.00d",,,,,,"1,470.00d",,
10/03/2025,,,,,RECEBIMENTO 444 TERRAZA SANTA HELENA SPE LTDA 1-1 ,,,,,,,,,,5010,,"1,140.00",,,,"2,610.00d",,,,,,"2,610.00d",,
11/03/2025,,,,,RECEBIMENTO 454 ASSOCIAÇÃO SCANGELS 1-1 ,,,,,,,,,,5002,,580.00,,,,"3,190.00d",,,,,,"3,190.00d",,
11/03/2025,,,,,RECEBIMENTO 445 TERRAZA EMPREENDIMENTOS LTDA 1-1 ,,,,,,,,,,5009,,760.00,,,,"3,950.00d",,,,,,"3,950.00d",,
11/03/2025,,,,,RECEBIMENTO 462 NEW PLAN CONSTRUTORA LTDA 1-1 ,,,,,,,,,,5021,,632.00,,,,"4,582.00d",,,,,,"4,582.00d",,
11/03/2025,,,,,RECEBIMENTO 461 NEW PLAN CONSTRUTORA LTDA 1-1 ,,,,,,,,,,5021,,"1,180.00",,,,"5,762.00d",,,,,,"5,762.00d",,
11/03/2025,,,,,RECEBIMENTO 464 AGÊNCIA DE MARKETING ÁUREA LTDA 1-1 ,,,,,,,,,,5022,,468.00,,,,"6,230.00d",,,,,,"6,230.00d",,
11/03/2025,,,,,RECEBIMENTO 458 COLINEAR CONTABILIDADE E FINANCAS LTDA 1-1 ,,,,,,,,,,5012,,780.00,,,,"7,010.00d",,,,,,"7,010.00d",,
11/03/2025,,,,,RECEBIMENTO 463 AGÊNCIA DE MARKETING ÁUREA LTDA 1-1 ,,,,,,,,,,5022,,"2,600.00",,,,"9,610.00d",,,,,,"9,610.00d",,
11/03/2025,,,,,PAGAMENTO 3592 COLINEAR CONTABILIDADE E FINANCAS LTDA 1-1 ,,,,,,,,,,3002,,,,297.00,,"9,313.00d",,,,,,"9,313.00d",,
11/03/2025,,,,,PAGAMENTO DE PRÓ-LABORE MÊS 02/2025  ,,,,,,,,,,188,,,,"1,351.02",,"7,961.98d",,,,,,"7,961.98d",,
11/03/2025,,,,,"DISTRIBUIÇÃO ANTECIPADA DE LUCROS À SOCIA LARA CRISTINA KREUSCH
",,,,,,,,,,658,,,,"2,900.00",,"5,061.98d",,,,,,"5,061.98d",,
11/03/2025,,,,,"DISTRIBUIÇÃO ANTECIPADA DE LUCROS À SOCIA LARA CRISTINA KREUSCH
",,,,,,,,,,658,,,,"5,000.00",,61.98d,,,,,,61.98d,,
12/03/2025,,,,,RECEBIMENTO 459 AESTRA GESTAO E NEGOCIOS LTDA 1-1 ,,,,,,,,,,5017,,340.00,,,,401.98d,,,,,,401.98d,,
12/03/2025,,,,,REFERENTE A JUROS 459 AESTRA GESTAO E NEGOCIOS LTDA 1-1 ,,,,,,,,,,433,,7.02,,,,409.00d,,,,,,409.00d,,
13/03/2025,,,,,RECEBIMENTO 465 AMMA COMERCIAL LTDA 1-1 ,,,,,,,,,,5014,,675.00,,,,"1,084.00d",,,,,,"1,084.00d",,
13/03/2025,,,,,REFERENTE A JUROS 465 AMMA COMERCIAL LTDA 1-1 ,,,,,,,,,,433,,14.39,,,,"1,098.39d",,,,,,"1,098.39d",,
14/03/2025,,,,,PAGAMENTO SIMPLES 02/2025 ,,,,,,,,,,479,,,,553.80,,544.59d,,,,,,544.59d,,
14/03/2025,,,,,PAGAMENTO DE INSS MÊS 02/2025 ,,,,,,,,,,191,,,,166.98,,377.61d,,,,,,377.61d,,
14/03/2025,,,,,"DISTRIBUIÇÃO ANTECIPADA DE LUCROS À SOCIA LARA CRISTINA KREUSCH
",,,,,,,,,,658,,,,377.61,,0.00,,,,,,0.00,,
17/03/2025,,,,,RECEBIMENTO 451 PLENUM GESTAO EMPRESARIAL LTDA 1-1 ,,,,,,,,,,5023,,235.00,,,,235.00d,,,,,,235.00d,,
17/03/2025,,,,,REFERENTE A JUROS 451 PLENUM GESTAO EMPRESARIAL LTDA 1-1 ,,,,,,,,,,433,,7.04,,,,242.04d,,,,,,242.04d,,
17/03/2025,,,,,RECEBIMENTO 452 PLENUM GESTAO EMPRESARIAL LTDA 1-1 ,,,,,,,,,,5023,,145.00,,,,387.04d,,,,,,387.04d,,
17/03/2025,,,,,REFERENTE A JUROS 452 PLENUM GESTAO EMPRESARIAL LTDA 1-1 ,,,,,,,,,,433,,4.34,,,,391.38d,,,,,,391.38d,,
18/03/2025,,,,,"DISTRIBUIÇÃO ANTECIPADA DE LUCROS À SOCIA LARA CRISTINA KREUSCH
",,,,,,,,,,658,,,,391.38,,0.00,,,,,,0.00,,
28/03/2025,,,,,RECEBIMENTO 467 IL GESTÃO FINANCEIRA LTDA 1-1 ,,,,,,,,,,5024,,450.00,,,,450.00d,,,,,,450.00d,,
31/03/2025,,,,,RECEBIMENTO 466 CLIENTES DIVERSOS 1-1 ,,,,,,,,,,504,,889.00,,,,"1,339.00d",,,,,,"1,339.00d",,
08/04/2025,,,,,RECEBIMENTO 476 NEW PLAN CONSTRUTORA LTDA 1-1 ,,,,,,,,,,5021,,"1,180.00",,,,"1,180.00d",,,,,,"2,519.00d",,
08/04/2025,,,,,RECEBIMENTO 469 ASSOCIAÇÃO SCANGELS 1-1 ,,,,,,,,,,5002,,580.00,,,,"1,760.00d",,,,,,"3,099.00d",,
08/04/2025,,,,,PAGAMENTO DE PRÓ-LABORE MÊS 03/2025  ,,,,,,,,,,188,,,,"1,351.02",,408.98d,,,,,,"1,747.98d",,
08/04/2025,,,,,"DISTRIBUIÇÃO ANTECIPADA DE LUCROS À SOCIA LARA CRISTINA KREUSCH
",,,,,,,,,,658,,,,"1,700.00",,"1,291.02c",,,,,,47.98d,,
10/04/2025,,,,,RECEBIMENTO 477 AGÊNCIA DE MARKETING ÁUREA LTDA 1-1 ,,,,,,,,,,5022,,192.00,,,,"1,099.02c",,,,,,239.98d,,
10/04/2025,,,,,RECEBIMENTO 457 TERRAZA EMPREENDIMENTOS LTDA 1-1 ,,,,,,,,,,5009,,760.00,,,,339.02c,,,,,,999.98d,,
10/04/2025,,,,,RECEBIMENTO 474 AESTRA GESTAO E NEGOCIOS LTDA 1-1 ,,,,,,,,,,5017,,340.00,,,,0.98d,,,,,,"1,339.98d",,
10/04/2025,,,,,RECEBIMENTO 456 TERRAZA SANTA HELENA SPE LTDA 1-1 ,,,,,,,,,,5010,,"1,140.00",,,,"1,140.98d",,,,,,"2,479.98d",,
10/04/2025,,,,,RECEBIMENTO 479 NION ACESSORIA 1-1 ,,,,,,,,,,5018,,195.00,,,,"1,335.98d",,,,,,"2,674.98d",,
10/04/2025,,,,,RECEBIMENTO 475 NION ACESSORIA 1-1 ,,,,,,,,,,5018,,340.00,,,,"1,675.98d",,,,,,"3,014.98d",,
10/04/2025,,,,,RECEBIMENTO 455 JARISE LANGE FLORIANO LTDA 1-1 ,,,,,,,,,,5003,,650.00,,,,"2,325.98d",,,,,,"3,664.98d",,
10/04/2025,,,,,"DISTRIBUIÇÃO ANTECIPADA DE LUCROS À SOCIA LARA CRISTINA KREUSCH
",,,,,,,,,,658,,,,"3,600.00",,"1,274.02c",,,,,,64.98d,,
11/04/2025,,,,,RECEBIMENTO 453 LINCE PARTICIPACOES E EMPREENDIMENTOS LTDA 1-1 ,,,,,,,,,,3001,,480.00,,,,794.02c,,,,,,544.98d,,
11/04/2025,,,,,RECEBIMENTO 480 ANA LUIZA GEVAERD 1-1 ,,,,,,,,,,5025,,"1,000.00",,,,205.98d,,,,,,"1,544.98d",,
11/04/2025,,,,,RECEBIMENTO 481 VS TRANSPORTES LTDA 1-1 ,,,,,,,,,,5026,,"1,100.00",,,,"1,305.98d",,,,,,"2,644.98d",,
11/04/2025,,,,,"EXTORNO DE DISTRIBUIÇÃO ANTECIPADA DE LUCROS À SOCIA LARA CRISTINA KREUSCH
",,,,,,,,,,658,,110.00,,,,"1,415.98d",,,,,,"2,754.98d",,
11/04/2025,,,,,RECEBIMENTO 473 COLINEAR CONTABILIDADE E FINANCAS LTDA 1-1 ,,,,,,,,,,5012,,780.00,,,,"2,195.98d",,,,,,"3,534.98d",,
11/04/2025,,,,,"DISTRIBUIÇÃO ANTECIPADA DE LUCROS À SOCIA LARA CRISTINA KREUSCH
",,,,,,,,,,658,,,,"3,000.00",,804.02c,,,,,,534.98d,,
11/04/2025,,,,,PAGAMENTO ALVARÁ,,,,,,,,,,621,,,,212.47,,"1,016.49c",,,,,,322.51d,,
11/04/2025,,,,,PAGAMENTO DIEGO,,,,,,,,,,362,,,,120.00,,"1,136.49c",,,,,,202.51d,,
11/04/2025,,,,,PAGAMENTO IFOOD,,,,,,,,,,661,,,,149.80,,"1,286.29c",,,,,,52.71d,,
14/04/2025,,,,,PAGAMENTO DE INSS MÊS 03/2025 ,,,,,,,,,,191,,,,166.98,,"1,453.27c",,,,,,114.27c,,
15/04/2025,,,,,RECEBIMENTO 482 BEAVER COMUNICACAO LTDA 1-1 ,,,,,,,,,,5013,,835.00,,,,618.27c,,,,,,720.73d,,
22/04/2025,,,,,PAGAMENTO SIMPLES 03/2025 ,,,,,,,,,,479,,,,717.84,,"1,336.11c",,,,,,2.89d,,
29/04/2025,,,,,RECEBIMENTO 478 AMMA COMERCIAL LTDA 1-1 ,,,,,,,,,,5014,,815.00,,,,521.11c,,,,,,817.89d,,
29/04/2025,,,,,REFERENTE A JUROS 478 AMMA COMERCIAL LTDA 1-1 ,,,,,,,,,,433,,26.07,,,,495.04c,,,,,,843.96d,,
06/05/2025,,,,,"DISTRIBUIÇÃO ANTECIPADA DE LUCROS À SOCIA LARA CRISTINA KREUSCH
",,,,,,,,,,658,,,,500.00,,500.00c,,,,,,343.96d,,
08/05/2025,,,,,COOPER,,,,,,,,,,359,,,,20.07,,520.07c,,,,,,323.89d,,
08/05/2025,,,,,EMBALAGENS,,,,,,,,,,359,,,,33.60,,553.67c,,,,,,290.29d,,
09/05/2025,,,,,RECEBIMENTO 483 VS TRANSPORTES LTDA 1-1 ,,,,,,,,,,5026,,260.00,,,,293.67c,,,,,,550.29d,,
09/05/2025,,,,,"DISTRIBUIÇÃO ANTECIPADA DE LUCROS À SOCIA LARA CRISTINA KREUSCH
",,,,,,,,,,658,,,,550.00,,843.67c,,,,,,0.29d,,
12/05/2025,,,,,RECEBIMENTO 472 TERRAZA EMPREENDIMENTOS LTDA 1-1 ,,,,,,,,,,5009,,760.00,,,,83.67c,,,,,,760.29d,,
12/05/2025,,,,,RECEBIMENTO 495 BEAVER COMUNICACAO LTDA 1-1 ,,,,,,,,,,5013,,"1,260.00",,,,"1,176.33d",,,,,,"2,020.29d",,
12/05/2025,,,,,RECEBIMENTO 494 BEAVER COMUNICACAO LTDA 1-1 ,,,,,,,,,,5013,,300.00,,,,"1,476.33d",,,,,,"2,320.29d",,
12/05/2025,,,,,RECEBIMENTO 491 NION ACESSORIA 1-1 ,,,,,,,,,,5018,,340.00,,,,"1,816.33d",,,,,,"2,660.29d",,
12/05/2025,,,,,RECEBIMENTO 468 LINCE PARTICIPACOES E EMPREENDIMENTOS LTDA 1-1 ,,,,,,,,,,3001,,480.00,,,,"2,296.33d",,,,,,"3,140.29d",,
12/05/2025,,,,,RECEBIMENTO 487 TERRAZA SANTA HELENA SPE LTDA 1-1 ,,,,,,,,,,5010,,"1,140.00",,,,"3,436.33d",,,,,,"4,280.29d",,
12/05/2025,,,,,RECEBIMENTO 490 AESTRA GESTAO E NEGOCIOS LTDA 1-1 ,,,,,,,,,,5017,,340.00,,,,"3,776.33d",,,,,,"4,620.29d",,
12/05/2025,,,,,RECEBIMENTO 470 JARISE LANGE FLORIANO LTDA 1-1 ,,,,,,,,,,5003,,650.00,,,,"4,426.33d",,,,,,"5,270.29d",,
12/05/2025,,,,,RECEBIMENTO 493 ANA LUIZA GEVAERD 1-1 ,,,,,,,,,,5025,,"1,000.00",,,,"5,426.33d",,,,,,"6,270.29d",,
12/05/2025,,,,,RECEBIMENTO 489 COLINEAR CONTABILIDADE E FINANCAS LTDA 1-1 ,,,,,,,,,,5012,,780.00,,,,"6,206.33d",,,,,,"7,050.29d",,
12/05/2025,,,,,PAGAMENTO 4279 COLINEAR CONTABILIDADE E FINANCAS LTDA 1-1 ,,,,,,,,,,3002,,,,297.00,,"5,909.33d",,,,,,"6,753.29d",,
12/05/2025,,,,,PAGAMENTO DE PRÓ-LABORE MÊS 04/2025  ,,,,,,,,,,188,,,,"1,351.02",,"4,558.31d",,,,,,"5,402.27d",,
12/05/2025,,,,,PAGAMENTO DE INSS MÊS 04/2025 ,,,,,,,,,,191,,,,166.98,,"4,391.33d",,,,,,"5,235.29d",,
12/05/2025,,,,,"DISTRIBUIÇÃO ANTECIPADA DE LUCROS À SOCIA LARA CRISTINA KREUSCH
",,,,,,,,,,658,,,,"1,135.29",,"3,256.04d",,,,,,"4,100.00d",,
12/05/2025,,,,,"DISTRIBUIÇÃO ANTECIPADA DE LUCROS À SOCIA LARA CRISTINA KREUSCH
",,,,,,,,,,658,,,,"1,780.00",,"1,476.04d",,,,,,"2,320.00d",,
13/05/2025,,,,,RECEBIMENTO 492 NEW PLAN CONSTRUTORA LTDA 1-1 ,,,,,,,,,,5021,,"1,180.00",,,,"2,656.04d",,,,,,"3,500.00d",,
13/05/2025,,,,,RECEBIMENTO 485 ASSOCIAÇÃO SCANGELS 1-1 ,,,,,,,,,,5002,,580.00,,,,"3,236.04d",,,,,,"4,080.00d",,
13/05/2025,,,,,"DISTRIBUIÇÃO ANTECIPADA DE LUCROS À SOCIA LARA CRISTINA KREUSCH
",,,,,,,,,,658,,,,121.18,,"3,114.86d",,,,,,"3,958.82d",,
13/05/2025,,,,,"DISTRIBUIÇÃO ANTECIPADA DE LUCROS À SOCIA LARA CRISTINA KREUSCH
",,,,,,,,,,658,,,,"1,000.00",,"2,114.86d",,,,,,"2,958.82d",,
13/05/2025,,,,,"DISTRIBUIÇÃO ANTECIPADA DE LUCROS À SOCIA LARA CRISTINA KREUSCH
",,,,,,,,,,658,,,,"2,320.00",,205.14c,,,,,,638.82d,,
20/05/2025,,,,,PAGAMENTO SIMPLES 04/2025 ,,,,,,,,,,479,,,,638.82,,843.96c,,,,,,0.00,,
05/06/2025,,,,,RECEBIMENTO 508 ELOYSE KONELL GESTÃO E CONSULTORIA 1-1 ,,,,,,,,,,5027,,680.00,,,,680.00d,,,,,,680.00d,,
09/06/2025,,,,,RECEBIMENTO 498 ASSOCIAÇÃO SCANGELS 1-1 ,,,,,,,,,,5002,,580.00,,,,"1,260.00d",,,,,,"1,260.00d",,
10/06/2025,,,,,RECEBIMENTO 488 TERRAZA EMPREENDIMENTOS LTDA 1-1 ,,,,,,,,,,5009,,760.00,,,,"2,020.00d",,,,,,"2,020.00d",,
10/06/2025,,,,,RECEBIMENTO 471 TERRAZA SANTA HELENA SPE LTDA 1-1 ,,,,,,,,,,5010,,"1,140.00",,,,"3,160.00d",,,,,,"3,160.00d",,
10/06/2025,,,,,RECEBIMENTO 484 LINCE PARTICIPACOES E EMPREENDIMENTOS LTDA 1-1 ,,,,,,,,,,3001,,480.00,,,,"3,640.00d",,,,,,"3,640.00d",,
10/06/2025,,,,,RECEBIMENTO 504 NION ACESSORIA 1-1 ,,,,,,,,,,5018,,340.00,,,,"3,980.00d",,,,,,"3,980.00d",,
10/06/2025,,,,,RECEBIMENTO 486 JARISE LANGE FLORIANO LTDA 1-1 ,,,,,,,,,,5003,,650.00,,,,"4,630.00d",,,,,,"4,630.00d",,
10/06/2025,,,,,RECEBIMENTO 503 AESTRA GESTAO E NEGOCIOS LTDA 1-1 ,,,,,,,,,,5017,,340.00,,,,"4,970.00d",,,,,,"4,970.00d",,
10/06/2025,,,,,RECEBIMENTO 506 ANA LUIZA GEVAERD 1-1 ,,,,,,,,,,5025,,"1,000.00",,,,"5,970.00d",,,,,,"5,970.00d",,
10/06/2025,,,,,RECEBIMENTO 505 NEW PLAN CONSTRUTORA LTDA 1-1 ,,,,,,,,,,5021,,"1,180.00",,,,"7,150.00d",,,,,,"7,150.00d",,
10/06/2025,,,,,PAGAMENTO 4679 COLINEAR CONTABILIDADE E FINANCAS LTDA 1-1 ,,,,,,,,,,3002,,,,297.00,,"6,853.00d",,,,,,"6,853.00d",,
10/06/2025,,,,,"DISTRIBUIÇÃO ANTECIPADA DE LUCROS À SOCIA LARA CRISTINA KREUSCH
",,,,,,,,,,658,,,,"3,000.00",,"3,853.00d",,,,,,"3,853.00d",,
11/06/2025,,,,,RECEBIMENTO 502 COLINEAR CONTABILIDADE E FINANCAS LTDA 1-1 ,,,,,,,,,,5012,,780.00,,,,"4,633.00d",,,,,,"4,633.00d",,
11/06/2025,,,,,PAGAMENTO SIMPLES 05/2025 ,,,,,,,,,,479,,,,545.70,,"4,087.30d",,,,,,"4,087.30d",,
11/06/2025,,,,,PAGAMENTO DE INSS MÊS 05/2025 ,,,,,,,,,,191,,,,166.98,,"3,920.32d",,,,,,"3,920.32d",,
11/06/2025,,,,,PAGAMENTO DE PRÓ-LABORE MÊS 05/2025  ,,,,,,,,,,188,,,,"1,351.02",,"2,569.30d",,,,,,"2,569.30d",,
11/06/2025,,,,,"DISTRIBUIÇÃO ANTECIPADA DE LUCROS À SOCIA LARA CRISTINA KREUSCH
",,,,,,,,,,658,,,,"2,569.30",,0.00,,,,,,0.00,,
16/06/2025,,,,,RECEBIMENTO 507 BEAVER COMUNICACAO LTDA 1-1 ,,,,,,,,,,5013,,735.00,,,,735.00d,,,,,,735.00d,,
16/06/2025,,,,,"DISTRIBUIÇÃO ANTECIPADA DE LUCROS À SOCIA LARA CRISTINA KREUSCH
",,,,,,,,,,658,,,,735.00,,0.00,,,,,,0.00,,
23/06/2025,,,,,RECEBIMENTO 496 VETTER EMPREENDIMENTOS LTDA 1-1 ,,,,,,,,,,5019,,285.00,,,,285.00d,,,,,,285.00d,,
23/06/2025,,,,,"DISTRIBUIÇÃO ANTECIPADA DE LUCROS À SOCIA LARA CRISTINA KREUSCH
",,,,,,,,,,658,,,,285.00,,0.00,,,,,,0.00,,
02/07/2025,,,,,RECEBIMENTO 510 VETTER EMPREENDIMENTOS LTDA 1-1 ,,,,,,,,,,5019,,670.00,,,,670.00d,,,,,,670.00d,,
03/07/2025,,,,,RECEBIMENTO 522 ELOYSE KONELL GESTÃO E CONSULTORIA 1-1 ,,,,,,,,,,5027,,680.00,,,,"1,350.00d",,,,,,"1,350.00d",,
07/07/2025,,,,,RECEBIMENTO 513 ASSOCIAÇÃO SCANGELS 1-1 ,,,,,,,,,,5002,,580.00,,,,"1,930.00d",,,,,,"1,930.00d",,
07/07/2025,,,,,"DISTRIBUIÇÃO ANTECIPADA DE LUCROS À SOCIA LARA CRISTINA KREUSCH
",,,,,,,,,,658,,,,"1,930.00",,0.00,,,,,,0.00,,
08/07/2025,,,,,RECEBIMENTO 523 NEW PLAN CONSTRUTORA LTDA 1-1 ,,,,,,,,,,5021,,794.00,,,,794.00d,,,,,,794.00d,,
08/07/2025,,,,,RECEBIMENTO 520 NEW PLAN CONSTRUTORA LTDA 1-1 ,,,,,,,,,,5021,,"1,180.00",,,,"1,974.00d",,,,,,"1,974.00d",,
08/07/2025,,,,,PAGAMENTO 5064 COLINEAR CONTABILIDADE E FINANCAS LTDA 1-1 ,,,,,,,,,,3002,,,,297.00,,"1,677.00d",,,,,,"1,677.00d",,
08/07/2025,,,,,PAGAMENTO DE PRÓ-LABORE MÊS 06/2025  ,,,,,,,,,,188,,,,"1,351.02",,325.98d,,,,,,325.98d,,
09/07/2025,,,,,EMBALAGENS,,,,,,,,,,359,,,,14.19,,311.79d,,,,,,311.79d,,
09/07/2025,,,,,EMBALAGENS,,,,,,,,,,359,,,,22.00,,289.79d,,,,,,289.79d,,
10/07/2025,,,,,RECEBIMENTO 512 LINCE PARTICIPACOES E EMPREENDIMENTOS LTDA 1-1 ,,,,,,,,,,3001,,"2,260.00",,,,"2,549.79d",,,,,,"2,549.79d",,
10/07/2025,,,,,RECEBIMENTO 521 ANA LUIZA GEVAERD 1-1 ,,,,,,,,,,5025,,"1,000.00",,,,"3,549.79d",,,,,,"3,549.79d",,
10/07/2025,,,,,RECEBIMENTO 518 AESTRA GESTAO E NEGOCIOS LTDA 1-1 ,,,,,,,,,,5017,,340.00,,,,"3,889.79d",,,,,,"3,889.79d",,
10/07/2025,,,,,RECEBIMENTO 500 TERRAZA SANTA HELENA SPE LTDA 1-1 ,,,,,,,,,,5010,,"1,140.00",,,,"5,029.79d",,,,,,"5,029.79d",,
10/07/2025,,,,,RECEBIMENTO 499 JARISE LANGE FLORIANO LTDA 1-1 ,,,,,,,,,,5003,,650.00,,,,"5,679.79d",,,,,,"5,679.79d",,
11/07/2025,,,,,RECEBIMENTO 519 NION ACESSORIA 1-1 ,,,,,,,,,,5018,,340.00,,,,"6,019.79d",,,,,,"6,019.79d",,
11/07/2025,,,,,RECEBIMENTO 501 TERRAZA EMPREENDIMENTOS LTDA 1-1 ,,,,,,,,,,5009,,760.00,,,,"6,779.79d",,,,,,"6,779.79d",,
11/07/2025,,,,,RECEBIMENTO 517 COLINEAR CONTABILIDADE E FINANCAS LTDA 1-1 ,,,,,,,,,,5012,,780.00,,,,"7,559.79d",,,,,,"7,559.79d",,
11/07/2025,,,,,PAGAMENTO SIMPLES 06/2025 ,,,,,,,,,,479,,,,578.09,,"6,981.70d",,,,,,"6,981.70d",,
11/07/2025,,,,,"DISTRIBUIÇÃO ANTECIPADA DE LUCROS À SOCIA LARA CRISTINA KREUSCH
",,,,,,,,,,658,,,,"6,800.00",,181.70d,,,,,,181.70d,,
15/07/2025,,,,,PAGAMENTO DE INSS MÊS 06/2025 ,,,,,,,,,,191,,,,166.98,,14.72d,,,,,,14.72d,,
Conta:,,504,,,,,-,,1.1.2.01.0001,,,,CLIENTES,,,,,,,,,,,,,,,,
,,,,,SALDO ANTERIOR,,,,,,,,,,,,,,,,,,,,,,"25,492.00d",,
25/03/2025,,,,,PRESTAÇÃO DE SERVIÇOS CONFORME NF 466 - CLIENTES DIVERSOS ,,,,,,,,,,411,,889.00,,,,889.00d,,,,,,"26,381.00d",,
31/03/2025,,,,,RECEBIMENTO 466 CLIENTES DIVERSOS 1-1 ,,,,,,,,,,675,,,,889.00,,0.00,,,,,,"25,492.00d",,
Conta:,,3001,,,,,-,,1.1.2.01.0004,,,,LINCE PARTICIPACOES E EMPREENDIMENTOS LTDA,,,,,,,,,,,,,,,,
,,,,,SALDO ANTERIOR,,,,,,,,,,,,,,,,,,,,,,960.00d,,
03/01/2025,,,,,PRESTAÇÃO DE SERVIÇOS CONFORME NF 431 - LINCE PARTICIPACOES E EMPREENDIMENTOS LTDA ,,,,,,,,,,411,,480.00,,,,480.00d,,,,,,"1,440.00d",,
10/01/2025,,,,,RECEBIMENTO 419 LINCE PARTICIPACOES E EMPREENDIMENTOS LTDA 1-1 ,,,,,,,,,,675,,,,480.00,,0.00,,,,,,960.00d,,
03/02/2025,,,,,PRESTAÇÃO DE SERVIÇOS CONFORME NF 441 - LINCE PARTICIPACOES E EMPREENDIMENTOS LTDA ,,,,,,,,,,411,,480.00,,,,480.00d,,,,,,"1,440.00d",,
11/02/2025,,,,,RECEBIMENTO 431 LINCE PARTICIPACOES E EMPREENDIMENTOS LTDA 1-1 ,,,,,,,,,,675,,,,480.00,,0.00,,,,,,960.00d,,
04/03/2025,,,,,PRESTAÇÃO DE SERVIÇOS CONFORME NF 453 - LINCE PARTICIPACOES E EMPREENDIMENTOS LTDA ,,,,,,,,,,411,,480.00,,,,480.00d,,,,,,"1,440.00d",,
10/03/2025,,,,,RECEBIMENTO 441 LINCE PARTICIPACOES E EMPREENDIMENTOS LTDA 1-1 ,,,,,,,,,,675,,,,480.00,,0.00,,,,,,960.00d,,
03/04/2025,,,,,PRESTAÇÃO DE SERVIÇOS CONFORME NF 468 - LINCE PARTICIPACOES E EMPREENDIMENTOS LTDA ,,,,,,,,,,411,,480.00,,,,480.00d,,,,,,"1,440.00d",,
11/04/2025,,,,,RECEBIMENTO 453 LINCE PARTICIPACOES E EMPREENDIMENTOS LTDA 1-1 ,,,,,,,,,,675,,,,480.00,,0.00,,,,,,960.00d,,
02/05/2025,,,,,PRESTAÇÃO DE SERVIÇOS CONFORME NF 484 - LINCE PARTICIPACOES E EMPREENDIMENTOS LTDA ,,,,,,,,,,411,,480.00,,,,480.00d,,,,,,"1,440.00d",,
12/05/2025,,,,,RECEBIMENTO 468 LINCE PARTICIPACOES E EMPREENDIMENTOS LTDA 1-1 ,,,,,,,,,,675,,,,480.00,,0.00,,,,,,960.00d,,
02/06/2025,,,,,PRESTAÇÃO DE SERVIÇOS CONFORME NF 497 - LINCE PARTICIPACOES E EMPREENDIMENTOS LTDA ,,,,,,,,,,411,,480.00,,,,480.00d,,,,,,"1,440.00d",,
10/06/2025,,,,,RECEBIMENTO 484 LINCE PARTICIPACOES E EMPREENDIMENTOS LTDA 1-1 ,,,,,,,,,,675,,,,480.00,,0.00,,,,,,960.00d,,
03/07/2025,,,,,PRESTAÇÃO DE SERVIÇOS CONFORME NF 512 - LINCE PARTICIPACOES E EMPREENDIMENTOS LTDA ,,,,,,,,,,411,,"2,260.00",,,,"2,260.00d",,,,,,"3,220.00d",,
10/07/2025,,,,,RECEBIMENTO 512 LINCE PARTICIPACOES E EMPREENDIMENTOS LTDA 1-1 ,,,,,,,,,,675,,,,"2,260.00",,0.00,,,,,,960.00d,,
Conta:,,5002,,,,,-,,1.1.2.01.0005,,,,ASSOCIAÇÃO SCANGELS,,,,,,,,,,,,,,,,
,,,,,SALDO ANTERIOR,,,,,,,,,,,,,,,,,,,,,,"1,160.00d",,
03/01/2025,,,,,PRESTAÇÃO DE SERVIÇOS CONFORME NF 432 - ASSOCIAÇÃO SCANGELS ,,,,,,,,,,411,,580.00,,,,580.00d,,,,,,"1,740.00d",,
10/01/2025,,,,,RECEBIMENTO 420 ASSOCIAÇÃO SCANGELS 1-1 ,,,,,,,,,,675,,,,580.00,,0.00,,,,,,"1,160.00d",,
03/02/2025,,,,,PRESTAÇÃO DE SERVIÇOS CONFORME NF 442 - ASSOCIAÇÃO SCANGELS ,,,,,,,,,,411,,580.00,,,,580.00d,,,,,,"1,740.00d",,
11/02/2025,,,,,RECEBIMENTO 442 ASSOCIAÇÃO SCANGELS 1-1 ,,,,,,,,,,675,,,,580.00,,0.00,,,,,,"1,160.00d",,
04/03/2025,,,,,PRESTAÇÃO DE SERVIÇOS CONFORME NF 454 - ASSOCIAÇÃO SCANGELS ,,,,,,,,,,411,,580.00,,,,580.00d,,,,,,"1,740.00d",,
11/03/2025,,,,,RECEBIMENTO 454 ASSOCIAÇÃO SCANGELS 1-1 ,,,,,,,,,,675,,,,580.00,,0.00,,,,,,"1,160.00d",,
03/04/2025,,,,,PRESTAÇÃO DE SERVIÇOS CONFORME NF 469 - ASSOCIAÇÃO SCANGELS ,,,,,,,,,,411,,580.00,,,,580.00d,,,,,,"1,740.00d",,
08/04/2025,,,,,RECEBIMENTO 469 ASSOCIAÇÃO SCANGELS 1-1 ,,,,,,,,,,675,,,,580.00,,0.00,,,,,,"1,160.00d",,
02/05/2025,,,,,PRESTAÇÃO DE SERVIÇOS CONFORME NF 485 - ASSOCIAÇÃO SCANGELS ,,,,,,,,,,411,,580.00,,,,580.00d,,,,,,"1,740.00d",,
13/05/2025,,,,,RECEBIMENTO 485 ASSOCIAÇÃO SCANGELS 1-1 ,,,,,,,,,,675,,,,580.00,,0.00,,,,,,"1,160.00d",,
02/06/2025,,,,,PRESTAÇÃO DE SERVIÇOS CONFORME NF 498 - ASSOCIAÇÃO SCANGELS ,,,,,,,,,,411,,580.00,,,,580.00d,,,,,,"1,740.00d",,
09/06/2025,,,,,RECEBIMENTO 498 ASSOCIAÇÃO SCANGELS 1-1 ,,,,,,,,,,675,,,,580.00,,0.00,,,,,,"1,160.00d",,
03/07/2025,,,,,PRESTAÇÃO DE SERVIÇOS CONFORME NF 513 - ASSOCIAÇÃO SCANGELS ,,,,,,,,,,411,,580.00,,,,580.00d,,,,,,"1,740.00d",,
07/07/2025,,,,,RECEBIMENTO 513 ASSOCIAÇÃO SCANGELS 1-1 ,,,,,,,,,,675,,,,580.00,,0.00,,,,,,"1,160.00d",,
Conta:,,5003,,,,,-,,1.1.2.01.0006,,,,JARISE LANGE FLORIANO LTDA,,,,,,,,,,,,,,,,
,,,,,SALDO ANTERIOR,,,,,,,,,,,,,,,,,,,,,,"1,300.00d",,
03/01/2025,,,,,PRESTAÇÃO DE SERVIÇOS CONFORME NF 433 - JARISE LANGE FLORIANO LTDA ,,,,,,,,,,411,,650.00,,,,650.00d,,,,,,"1,950.00d",,
10/01/2025,,,,,RECEBIMENTO 421 JARISE LANGE FLORIANO LTDA 1-1 ,,,,,,,,,,675,,,,650.00,,0.00,,,,,,"1,300.00d",,
03/02/2025,,,,,PRESTAÇÃO DE SERVIÇOS CONFORME NF 443 - JARISE LANGE FLORIANO LTDA ,,,,,,,,,,411,,650.00,,,,650.00d,,,,,,"1,950.00d",,
10/02/2025,,,,,RECEBIMENTO 433 JARISE LANGE FLORIANO LTDA 1-1 ,,,,,,,,,,675,,,,650.00,,0.00,,,,,,"1,300.00d",,
04/03/2025,,,,,PRESTAÇÃO DE SERVIÇOS CONFORME NF 455 - JARISE LANGE FLORIANO LTDA ,,,,,,,,,,411,,650.00,,,,650.00d,,,,,,"1,950.00d",,
10/03/2025,,,,,RECEBIMENTO 443 JARISE LANGE FLORIANO LTDA 1-1 ,,,,,,,,,,675,,,,650.00,,0.00,,,,,,"1,300.00d",,
03/04/2025,,,,,PRESTAÇÃO DE SERVIÇOS CONFORME NF 470 - JARISE LANGE FLORIANO LTDA ,,,,,,,,,,411,,650.00,,,,650.00d,,,,,,"1,950.00d",,
10/04/2025,,,,,RECEBIMENTO 455 JARISE LANGE FLORIANO LTDA 1-1 ,,,,,,,,,,675,,,,650.00,,0.00,,,,,,"1,300.00d",,
02/05/2025,,,,,PRESTAÇÃO DE SERVIÇOS CONFORME NF 486 - JARISE LANGE FLORIANO LTDA ,,,,,,,,,,411,,650.00,,,,650.00d,,,,,,"1,950.00d",,
12/05/2025,,,,,RECEBIMENTO 470 JARISE LANGE FLORIANO LTDA 1-1 ,,,,,,,,,,675,,,,650.00,,0.00,,,,,,"1,300.00d",,
02/06/2025,,,,,PRESTAÇÃO DE SERVIÇOS CONFORME NF 499 - JARISE LANGE FLORIANO LTDA ,,,,,,,,,,411,,650.00,,,,650.00d,,,,,,"1,950.00d",,
10/06/2025,,,,,RECEBIMENTO 486 JARISE LANGE FLORIANO LTDA 1-1 ,,,,,,,,,,675,,,,650.00,,0.00,,,,,,"1,300.00d",,
03/07/2025,,,,,PRESTAÇÃO DE SERVIÇOS CONFORME NF 514 - JARISE LANGE FLORIANO LTDA ,,,,,,,,,,411,,650.00,,,,650.00d,,,,,,"1,950.00d",,
10/07/2025,,,,,RECEBIMENTO 499 JARISE LANGE FLORIANO LTDA 1-1 ,,,,,,,,,,675,,,,650.00,,0.00,,,,,,"1,300.00d",,
Conta:,,5004,,,,,-,,1.1.2.01.0007,,,,MELCHIORETTO SANDRI ENGENHARIA LTDA,,,,,,,,,,,,,,,,
,,,,,SALDO ANTERIOR,,,,,,,,,,,,,,,,,,,,,,"11,380.00d",,
Conta:,,5005,,,,,-,,1.1.2.01.0008,,,,LOGHAUS COMERCIO DE ARTIGOS DO VESTUÁRIO LTDA,,,,,,,,,,,,,,,,
,,,,,SALDO ANTERIOR,,,,,,,,,,,,,,,,,,,,,,"2,240.00d",,
Conta:,,5006,,,,,-,,1.1.2.01.0009,,,,LIZARD TI LTDA,,,,,,,,,,,,,,,,
,,,,,SALDO ANTERIOR,,,,,,,,,,,,,,,,,,,,,,280.00d,,
Conta:,,5007,,,,,-,,1.1.2.01.0010,,,,VETTER - EMPREENDIMENTO 22 SPE LTDA,,,,,,,,,,,,,,,,
,,,,,SALDO ANTERIOR,,,,,,,,,,,,,,,,,,,,,,195.00d,,
Conta:,,5008,,,,,-,,1.1.2.01.0011,,,,VETTER - EMPREENDIMENTO 17 SPE LTDA,,,,,,,,,,,,,,,,
,,,,,SALDO ANTERIOR,,,,,,,,,,,,,,,,,,,,,,425.00d,,
Conta:,,5009,,,,,-,,1.1.2.01.0012,,,,TERRAZA EMPREENDIMENTOS LTDA,,,,,,,,,,,,,,,,
,,,,,SALDO ANTERIOR,,,,,,,,,,,,,,,,,,,,,,760.00d,,
03/01/2025,,,,,PRESTAÇÃO DE SERVIÇOS CONFORME NF 435 - TERRAZA EMPREENDIMENTOS LTDA ,,,,,,,,,,411,,760.00,,,,760.00d,,,,,,"1,520.00d",,
13/01/2025,,,,,RECEBIMENTO 435 TERRAZA EMPREENDIMENTOS LTDA 1-1 ,,,,,,,,,,675,,,,760.00,,0.00,,,,,,760.00d,,
03/02/2025,,,,,PRESTAÇÃO DE SERVIÇOS CONFORME NF 445 - TERRAZA EMPREENDIMENTOS LTDA ,,,,,,,,,,411,,760.00,,,,760.00d,,,,,,"1,520.00d",,
11/02/2025,,,,,RECEBIMENTO 423 TERRAZA EMPREENDIMENTOS LTDA 1-1 ,,,,,,,,,,675,,,,760.00,,0.00,,,,,,760.00d,,
04/03/2025,,,,,PRESTAÇÃO DE SERVIÇOS CONFORME NF 457 - TERRAZA EMPREENDIMENTOS LTDA ,,,,,,,,,,411,,760.00,,,,760.00d,,,,,,"1,520.00d",,
11/03/2025,,,,,RECEBIMENTO 445 TERRAZA EMPREENDIMENTOS LTDA 1-1 ,,,,,,,,,,675,,,,760.00,,0.00,,,,,,760.00d,,
03/04/2025,,,,,PRESTAÇÃO DE SERVIÇOS CONFORME NF 472 - TERRAZA EMPREENDIMENTOS LTDA ,,,,,,,,,,411,,760.00,,,,760.00d,,,,,,"1,520.00d",,
10/04/2025,,,,,RECEBIMENTO 457 TERRAZA EMPREENDIMENTOS LTDA 1-1 ,,,,,,,,,,675,,,,760.00,,0.00,,,,,,760.00d,,
02/05/2025,,,,,PRESTAÇÃO DE SERVIÇOS CONFORME NF 488 - TERRAZA EMPREENDIMENTOS LTDA ,,,,,,,,,,411,,760.00,,,,760.00d,,,,,,"1,520.00d",,
12/05/2025,,,,,RECEBIMENTO 472 TERRAZA EMPREENDIMENTOS LTDA 1-1 ,,,,,,,,,,675,,,,760.00,,0.00,,,,,,760.00d,,
02/06/2025,,,,,PRESTAÇÃO DE SERVIÇOS CONFORME NF 501 - TERRAZA EMPREENDIMENTOS LTDA ,,,,,,,,,,411,,760.00,,,,760.00d,,,,,,"1,520.00d",,
10/06/2025,,,,,RECEBIMENTO 488 TERRAZA EMPREENDIMENTOS LTDA 1-1 ,,,,,,,,,,675,,,,760.00,,0.00,,,,,,760.00d,,
03/07/2025,,,,,PRESTAÇÃO DE SERVIÇOS CONFORME NF 516 - TERRAZA EMPREENDIMENTOS LTDA ,,,,,,,,,,411,,760.00,,,,760.00d,,,,,,"1,520.00d",,
11/07/2025,,,,,RECEBIMENTO 501 TERRAZA EMPREENDIMENTOS LTDA 1-1 ,,,,,,,,,,675,,,,760.00,,0.00,,,,,,760.00d,,
Conta:,,5010,,,,,-,,1.1.2.01.0013,,,,TERRAZA SANTA HELENA SPE LTDA,,,,,,,,,,,,,,,,
,,,,,SALDO ANTERIOR,,,,,,,,,,,,,,,,,,,,,,"1,140.00d",,
03/01/2025,,,,,PRESTAÇÃO DE SERVIÇOS CONFORME NF 434 - TERRAZA SANTA HELENA SPE LTDA ,,,,,,,,,,411,,"1,140.00",,,,"1,140.00d",,,,,,"2,280.00d",,
10/01/2025,,,,,RECEBIMENTO 422 TERRAZA SANTA HELENA SPE LTDA 1-1 ,,,,,,,,,,675,,,,"1,140.00",,0.00,,,,,,"1,140.00d",,
03/02/2025,,,,,PRESTAÇÃO DE SERVIÇOS CONFORME NF 444 - TERRAZA SANTA HELENA SPE LTDA ,,,,,,,,,,411,,"1,140.00",,,,"1,140.00d",,,,,,"2,280.00d",,
10/02/2025,,,,,RECEBIMENTO 434 TERRAZA SANTA HELENA SPE LTDA 1-1 ,,,,,,,,,,675,,,,"1,140.00",,0.00,,,,,,"1,140.00d",,
04/03/2025,,,,,PRESTAÇÃO DE SERVIÇOS CONFORME NF 456 - TERRAZA SANTA HELENA SPE LTDA ,,,,,,,,,,411,,"1,140.00",,,,"1,140.00d",,,,,,"2,280.00d",,
10/03/2025,,,,,RECEBIMENTO 444 TERRAZA SANTA HELENA SPE LTDA 1-1 ,,,,,,,,,,675,,,,"1,140.00",,0.00,,,,,,"1,140.00d",,
03/04/2025,,,,,PRESTAÇÃO DE SERVIÇOS CONFORME NF 471 - TERRAZA SANTA HELENA SPE LTDA ,,,,,,,,,,411,,"1,140.00",,,,"1,140.00d",,,,,,"2,280.00d",,
10/04/2025,,,,,RECEBIMENTO 456 TERRAZA SANTA HELENA SPE LTDA 1-1 ,,,,,,,,,,675,,,,"1,140.00",,0.00,,,,,,"1,140.00d",,
02/05/2025,,,,,PRESTAÇÃO DE SERVIÇOS CONFORME NF 487 - TERRAZA SANTA HELENA SPE LTDA ,,,,,,,,,,411,,"1,140.00",,,,"1,140.00d",,,,,,"2,280.00d",,
12/05/2025,,,,,RECEBIMENTO 487 TERRAZA SANTA HELENA SPE LTDA 1-1 ,,,,,,,,,,675,,,,"1,140.00",,0.00,,,,,,"1,140.00d",,
02/06/2025,,,,,PRESTAÇÃO DE SERVIÇOS CONFORME NF 500 - TERRAZA SANTA HELENA SPE LTDA ,,,,,,,,,,411,,"1,140.00",,,,"1,140.00d",,,,,,"2,280.00d",,
10/06/2025,,,,,RECEBIMENTO 471 TERRAZA SANTA HELENA SPE LTDA 1-1 ,,,,,,,,,,675,,,,"1,140.00",,0.00,,,,,,"1,140.00d",,
03/07/2025,,,,,PRESTAÇÃO DE SERVIÇOS CONFORME NF 515 - TERRAZA SANTA HELENA SPE LTDA ,,,,,,,,,,411,,"1,140.00",,,,"1,140.00d",,,,,,"2,280.00d",,
10/07/2025,,,,,RECEBIMENTO 500 TERRAZA SANTA HELENA SPE LTDA 1-1 ,,,,,,,,,,675,,,,"1,140.00",,0.00,,,,,,"1,140.00d",,
Conta:,,5011,,,,,-,,1.1.2.01.0014,,,,INSTITUTO GENE BLUMENAU,,,,,,,,,,,,,,,,
,,,,,SALDO ANTERIOR,,,,,,,,,,,,,,,,,,,,,,"1,170.00d",,
Conta:,,5012,,,,,-,,1.1.2.01.0015,,,,COLINEAR CONTABILIDADE E FINANCAS LTDA,,,,,,,,,,,,,,,,
,,,,,SALDO ANTERIOR,,,,,,,,,,,,,,,,,,,,,,390.00d,,
03/01/2025,,,,,PRESTAÇÃO DE SERVIÇOS CONFORME NF 436 - COLINEAR CONTABILIDADE E FINANCAS LTDA ,,,,,,,,,,411,,390.00,,,,390.00d,,,,,,780.00d,,
13/01/2025,,,,,RECEBIMENTO 436 COLINEAR CONTABILIDADE E FINANCAS LTDA 1-1 ,,,,,,,,,,675,,,,390.00,,0.00,,,,,,390.00d,,
03/02/2025,,,,,PRESTAÇÃO DE SERVIÇOS CONFORME NF 446 - COLINEAR CONTABILIDADE E FINANCAS LTDA ,,,,,,,,,,411,,780.00,,,,780.00d,,,,,,"1,170.00d",,
10/02/2025,,,,,RECEBIMENTO 446 COLINEAR CONTABILIDADE E FINANCAS LTDA 1-1 ,,,,,,,,,,675,,,,780.00,,0.00,,,,,,390.00d,,
04/03/2025,,,,,PRESTAÇÃO DE SERVIÇOS CONFORME NF 458 - COLINEAR CONTABILIDADE E FINANCAS LTDA ,,,,,,,,,,411,,780.00,,,,780.00d,,,,,,"1,170.00d",,
11/03/2025,,,,,RECEBIMENTO 458 COLINEAR CONTABILIDADE E FINANCAS LTDA 1-1 ,,,,,,,,,,675,,,,780.00,,0.00,,,,,,390.00d,,
03/04/2025,,,,,PRESTAÇÃO DE SERVIÇOS CONFORME NF 473 - COLINEAR CONTABILIDADE E FINANCAS LTDA ,,,,,,,,,,411,,780.00,,,,780.00d,,,,,,"1,170.00d",,
11/04/2025,,,,,RECEBIMENTO 473 COLINEAR CONTABILIDADE E FINANCAS LTDA 1-1 ,,,,,,,,,,675,,,,780.00,,0.00,,,,,,390.00d,,
02/05/2025,,,,,PRESTAÇÃO DE SERVIÇOS CONFORME NF 489 - COLINEAR CONTABILIDADE E FINANCAS LTDA ,,,,,,,,,,411,,780.00,,,,780.00d,,,,,,"1,170.00d",,
12/05/2025,,,,,RECEBIMENTO 489 COLINEAR CONTABILIDADE E FINANCAS LTDA 1-1 ,,,,,,,,,,675,,,,780.00,,0.00,,,,,,390.00d,,
02/06/2025,,,,,PRESTAÇÃO DE SERVIÇOS CONFORME NF 502 - COLINEAR CONTABILIDADE E FINANCAS LTDA ,,,,,,,,,,411,,780.00,,,,780.00d,,,,,,"1,170.00d",,
11/06/2025,,,,,RECEBIMENTO 502 COLINEAR CONTABILIDADE E FINANCAS LTDA 1-1 ,,,,,,,,,,675,,,,780.00,,0.00,,,,,,390.00d,,
03/07/2025,,,,,PRESTAÇÃO DE SERVIÇOS CONFORME NF 517 - COLINEAR CONTABILIDADE E FINANCAS LTDA ,,,,,,,,,,411,,780.00,,,,780.00d,,,,,,"1,170.00d",,
11/07/2025,,,,,RECEBIMENTO 517 COLINEAR CONTABILIDADE E FINANCAS LTDA 1-1 ,,,,,,,,,,675,,,,780.00,,0.00,,,,,,390.00d,,
Conta:,,5013,,,,,-,,1.1.2.01.0016,,,,BEAVER COMUNICACAO LTDA,,,,,,,,,,,,,,,,
,,,,,SALDO ANTERIOR,,,,,,,,,,,,,,,,,,,,,,"2,500.00d",,
11/04/2025,,,,,PRESTAÇÃO DE SERVIÇOS CONFORME NF 482 - BEAVER COMUNICACAO LTDA ,,,,,,,,,,411,,835.00,,,,835.00d,,,,,,"3,335.00d",,
15/04/2025,,,,,RECEBIMENTO 482 BEAVER COMUNICACAO LTDA 1-1 ,,,,,,,,,,675,,,,835.00,,0.00,,,,,,"2,500.00d",,
02/05/2025,,,,,PRESTAÇÃO DE SERVIÇOS CONFORME NF 494 - BEAVER COMUNICACAO LTDA ,,,,,,,,,,411,,300.00,,,,300.00d,,,,,,"2,800.00d",,
05/05/2025,,,,,PRESTAÇÃO DE SERVIÇOS CONFORME NF 495 - BEAVER COMUNICACAO LTDA ,,,,,,,,,,411,,"1,260.00",,,,"1,560.00d",,,,,,"4,060.00d",,
12/05/2025,,,,,RECEBIMENTO 495 BEAVER COMUNICACAO LTDA 1-1 ,,,,,,,,,,675,,,,"1,260.00",,300.00d,,,,,,"2,800.00d",,
12/05/2025,,,,,RECEBIMENTO 494 BEAVER COMUNICACAO LTDA 1-1 ,,,,,,,,,,675,,,,300.00,,0.00,,,,,,"2,500.00d",,
02/06/2025,,,,,PRESTAÇÃO DE SERVIÇOS CONFORME NF 507 - BEAVER COMUNICACAO LTDA ,,,,,,,,,,411,,735.00,,,,735.00d,,,,,,"3,235.00d",,
16/06/2025,,,,,RECEBIMENTO 507 BEAVER COMUNICACAO LTDA 1-1 ,,,,,,,,,,675,,,,735.00,,0.00,,,,,,"2,500.00d",,
Conta:,,5014,,,,,-,,1.1.2.01.0017,,,,AMMA COMERCIAL LTDA,,,,,,,,,,,,,,,,
,,,,,SALDO ANTERIOR,,,,,,,,,,,,,,,,,,,,,,0.00,,
04/03/2025,,,,,PRESTAÇÃO DE SERVIÇOS CONFORME NF 465 - AMMA COMERCIAL LTDA ,,,,,,,,,,411,,675.00,,,,675.00d,,,,,,675.00d,,
13/03/2025,,,,,RECEBIMENTO 465 AMMA COMERCIAL LTDA 1-1 ,,,,,,,,,,675,,,,675.00,,0.00,,,,,,0.00,,
03/04/2025,,,,,PRESTAÇÃO DE SERVIÇOS CONFORME NF 478 - AMMA COMERCIAL LTDA ,,,,,,,,,,411,,815.00,,,,815.00d,,,,,,815.00d,,
29/04/2025,,,,,RECEBIMENTO 478 AMMA COMERCIAL LTDA 1-1 ,,,,,,,,,,675,,,,815.00,,0.00,,,,,,0.00,,
02/06/2025,,,,,PRESTAÇÃO DE SERVIÇOS CONFORME NF 509 - AMMA COMERCIAL LTDA ,,,,,,,,,,411,,70.00,,,,70.00d,,,,,,70.00d,,
Conta:,,5016,,,,,-,,1.1.2.01.0019,,,,VETTER - EMPREENDIMENTO 31 LTDA,,,,,,,,,,,,,,,,
,,,,,SALDO ANTERIOR,,,,,,,,,,,,,,,,,,,,,,130.00d,,
Conta:,,5017,,,,,-,,1.1.2.01.0020,,,,AESTRA GESTAO E NEGOCIOS LTDA,,,,,,,,,,,,,,,,
,,,,,SALDO ANTERIOR,,,,,,,,,,,,,,,,,,,,,,0.00,,
03/01/2025,,,,,PRESTAÇÃO DE SERVIÇOS CONFORME NF 437 - AESTRA GESTAO E NEGOCIOS LTDA ,,,,,,,,,,411,,340.00,,,,340.00d,,,,,,340.00d,,
10/01/2025,,,,,RECEBIMENTO 437 AESTRA GESTAO E NEGOCIOS LTDA 1-1 ,,,,,,,,,,675,,,,340.00,,0.00,,,,,,0.00,,
03/02/2025,,,,,PRESTAÇÃO DE SERVIÇOS CONFORME NF 447 - AESTRA GESTAO E NEGOCIOS LTDA ,,,,,,,,,,411,,340.00,,,,340.00d,,,,,,340.00d,,
13/02/2025,,,,,RECEBIMENTO 447 AESTRA GESTAO E NEGOCIOS LTDA 1-1 ,,,,,,,,,,675,,,,340.00,,0.00,,,,,,0.00,,
04/03/2025,,,,,PRESTAÇÃO DE SERVIÇOS CONFORME NF 459 - AESTRA GESTAO E NEGOCIOS LTDA ,,,,,,,,,,411,,340.00,,,,340.00d,,,,,,340.00d,,
12/03/2025,,,,,RECEBIMENTO 459 AESTRA GESTAO E NEGOCIOS LTDA 1-1 ,,,,,,,,,,675,,,,340.00,,0.00,,,,,,0.00,,
03/04/2025,,,,,PRESTAÇÃO DE SERVIÇOS CONFORME NF 474 - AESTRA GESTAO E NEGOCIOS LTDA ,,,,,,,,,,411,,340.00,,,,340.00d,,,,,,340.00d,,
10/04/2025,,,,,RECEBIMENTO 474 AESTRA GESTAO E NEGOCIOS LTDA 1-1 ,,,,,,,,,,675,,,,340.00,,0.00,,,,,,0.00,,
02/05/2025,,,,,PRESTAÇÃO DE SERVIÇOS CONFORME NF 490 - AESTRA GESTAO E NEGOCIOS LTDA ,,,,,,,,,,411,,340.00,,,,340.00d,,,,,,340.00d,,
12/05/2025,,,,,RECEBIMENTO 490 AESTRA GESTAO E NEGOCIOS LTDA 1-1 ,,,,,,,,,,675,,,,340.00,,0.00,,,,,,0.00,,
02/06/2025,,,,,PRESTAÇÃO DE SERVIÇOS CONFORME NF 503 - AESTRA GESTAO E NEGOCIOS LTDA ,,,,,,,,,,411,,340.00,,,,340.00d,,,,,,340.00d,,
10/06/2025,,,,,RECEBIMENTO 503 AESTRA GESTAO E NEGOCIOS LTDA 1-1 ,,,,,,,,,,675,,,,340.00,,0.00,,,,,,0.00,,
03/07/2025,,,,,PRESTAÇÃO DE SERVIÇOS CONFORME NF 518 - AESTRA GESTAO E NEGOCIOS LTDA ,,,,,,,,,,411,,340.00,,,,340.00d,,,,,,340.00d,,
10/07/2025,,,,,RECEBIMENTO 518 AESTRA GESTAO E NEGOCIOS LTDA 1-1 ,,,,,,,,,,675,,,,340.00,,0.00,,,,,,0.00,,
Conta:,,5018,,,,,-,,1.1.2.01.0021,,,,NION ACESSORIA,,,,,,,,,,,,,,,,
,,,,,SALDO ANTERIOR,,,,,,,,,,,,,,,,,,,,,,0.00,,
03/01/2025,,,,,PRESTAÇÃO DE SERVIÇOS CONFORME NF 438 - NION ACESSORIA ,,,,,,,,,,411,,340.00,,,,340.00d,,,,,,340.00d,,
10/01/2025,,,,,RECEBIMENTO 438 NION ACESSORIA 1-1 ,,,,,,,,,,675,,,,340.00,,0.00,,,,,,0.00,,
03/02/2025,,,,,PRESTAÇÃO DE SERVIÇOS CONFORME NF 448 - NION ACESSORIA ,,,,,,,,,,411,,340.00,,,,340.00d,,,,,,340.00d,,
10/02/2025,,,,,RECEBIMENTO 448 NION ACESSORIA 1-1 ,,,,,,,,,,675,,,,340.00,,0.00,,,,,,0.00,,
04/03/2025,,,,,PRESTAÇÃO DE SERVIÇOS CONFORME NF 460 - NION ACESSORIA ,,,,,,,,,,411,,340.00,,,,340.00d,,,,,,340.00d,,
10/03/2025,,,,,RECEBIMENTO 460 NION ACESSORIA 1-1 ,,,,,,,,,,675,,,,340.00,,0.00,,,,,,0.00,,
03/04/2025,,,,,PRESTAÇÃO DE SERVIÇOS CONFORME NF 475 - NION ACESSORIA ,,,,,,,,,,411,,340.00,,,,340.00d,,,,,,340.00d,,
03/04/2025,,,,,PRESTAÇÃO DE SERVIÇOS CONFORME NF 479 - NION ACESSORIA ,,,,,,,,,,411,,195.00,,,,535.00d,,,,,,535.00d,,
10/04/2025,,,,,RECEBIMENTO 479 NION ACESSORIA 1-1 ,,,,,,,,,,675,,,,195.00,,340.00d,,,,,,340.00d,,
10/04/2025,,,,,RECEBIMENTO 475 NION ACESSORIA 1-1 ,,,,,,,,,,675,,,,340.00,,0.00,,,,,,0.00,,
02/05/2025,,,,,PRESTAÇÃO DE SERVIÇOS CONFORME NF 491 - NION ACESSORIA ,,,,,,,,,,411,,340.00,,,,340.00d,,,,,,340.00d,,
12/05/2025,,,,,RECEBIMENTO 491 NION ACESSORIA 1-1 ,,,,,,,,,,675,,,,340.00,,0.00,,,,,,0.00,,
02/06/2025,,,,,PRESTAÇÃO DE SERVIÇOS CONFORME NF 504 - NION ACESSORIA ,,,,,,,,,,411,,340.00,,,,340.00d,,,,,,340.00d,,
10/06/2025,,,,,RECEBIMENTO 504 NION ACESSORIA 1-1 ,,,,,,,,,,675,,,,340.00,,0.00,,,,,,0.00,,
03/07/2025,,,,,PRESTAÇÃO DE SERVIÇOS CONFORME NF 519 - NION ACESSORIA ,,,,,,,,,,411,,340.00,,,,340.00d,,,,,,340.00d,,
11/07/2025,,,,,RECEBIMENTO 519 NION ACESSORIA 1-1 ,,,,,,,,,,675,,,,340.00,,0.00,,,,,,0.00,,
Conta:,,5019,,,,,-,,1.1.2.01.0022,,,,VETTER EMPREENDIMENTOS LTDA,,,,,,,,,,,,,,,,
,,,,,SALDO ANTERIOR,,,,,,,,,,,,,,,,,,,,,,0.00,,
19/05/2025,,,,,PRESTAÇÃO DE SERVIÇOS CONFORME NF 496 - VETTER EMPREENDIMENTOS LTDA ,,,,,,,,,,411,,285.00,,,,285.00d,,,,,,285.00d,,
02/06/2025,,,,,PRESTAÇÃO DE SERVIÇOS CONFORME NF 510 - VETTER EMPREENDIMENTOS LTDA ,,,,,,,,,,411,,670.00,,,,670.00d,,,,,,955.00d,,
23/06/2025,,,,,RECEBIMENTO 496 VETTER EMPREENDIMENTOS LTDA 1-1 ,,,,,,,,,,675,,,,285.00,,385.00d,,,,,,670.00d,,
02/07/2025,,,,,RECEBIMENTO 510 VETTER EMPREENDIMENTOS LTDA 1-1 ,,,,,,,,,,675,,,,670.00,,670.00c,,,,,,0.00,,
15/07/2025,,,,,PRESTAÇÃO DE SERVIÇOS CONFORME NF 524 - VETTER EMPREENDIMENTOS LTDA ,,,,,,,,,,411,,450.00,,,,220.00c,,,,,,450.00d,,
24/07/2025,,,,,PRESTAÇÃO DE SERVIÇOS CONFORME NF 525 - VETTER EMPREENDIMENTOS LTDA ,,,,,,,,,,411,,35.00,,,,185.00c,,,,,,485.00d,,
Conta:,,5021,,,,,-,,1.1.2.01.0024,,,,NEW PLAN CONSTRUTORA LTDA,,,,,,,,,,,,,,,,
,,,,,SALDO ANTERIOR,,,,,,,,,,,,,,,,,,,,,,0.00,,
03/01/2025,,,,,PRESTAÇÃO DE SERVIÇOS CONFORME NF 439 - NEW PLAN CONSTRUTORA LTDA ,,,,,,,,,,411,,"1,180.00",,,,"1,180.00d",,,,,,"1,180.00d",,
09/01/2025,,,,,RECEBIMENTO 439 NEW PLAN CONSTRUTORA LTDA 1-1 ,,,,,,,,,,675,,,,"1,180.00",,0.00,,,,,,0.00,,
03/02/2025,,,,,PRESTAÇÃO DE SERVIÇOS CONFORME NF 449 - NEW PLAN CONSTRUTORA LTDA ,,,,,,,,,,411,,"1,180.00",,,,"1,180.00d",,,,,,"1,180.00d",,
11/02/2025,,,,,RECEBIMENTO 449 NEW PLAN CONSTRUTORA LTDA 1-1 ,,,,,,,,,,675,,,,"1,180.00",,0.00,,,,,,0.00,,
04/03/2025,,,,,PRESTAÇÃO DE SERVIÇOS CONFORME NF 461 - NEW PLAN CONSTRUTORA LTDA ,,,,,,,,,,411,,"1,180.00",,,,"1,180.00d",,,,,,"1,180.00d",,
04/03/2025,,,,,PRESTAÇÃO DE SERVIÇOS CONFORME NF 462 - NEW PLAN CONSTRUTORA LTDA ,,,,,,,,,,411,,632.00,,,,"1,812.00d",,,,,,"1,812.00d",,
11/03/2025,,,,,RECEBIMENTO 462 NEW PLAN CONSTRUTORA LTDA 1-1 ,,,,,,,,,,675,,,,632.00,,"1,180.00d",,,,,,"1,180.00d",,
11/03/2025,,,,,RECEBIMENTO 461 NEW PLAN CONSTRUTORA LTDA 1-1 ,,,,,,,,,,675,,,,"1,180.00",,0.00,,,,,,0.00,,
03/04/2025,,,,,PRESTAÇÃO DE SERVIÇOS CONFORME NF 476 - NEW PLAN CONSTRUTORA LTDA ,,,,,,,,,,411,,"1,180.00",,,,"1,180.00d",,,,,,"1,180.00d",,
08/04/2025,,,,,RECEBIMENTO 476 NEW PLAN CONSTRUTORA LTDA 1-1 ,,,,,,,,,,675,,,,"1,180.00",,0.00,,,,,,0.00,,
02/05/2025,,,,,PRESTAÇÃO DE SERVIÇOS CONFORME NF 492 - NEW PLAN CONSTRUTORA LTDA ,,,,,,,,,,411,,"1,180.00",,,,"1,180.00d",,,,,,"1,180.00d",,
13/05/2025,,,,,RECEBIMENTO 492 NEW PLAN CONSTRUTORA LTDA 1-1 ,,,,,,,,,,675,,,,"1,180.00",,0.00,,,,,,0.00,,
02/06/2025,,,,,PRESTAÇÃO DE SERVIÇOS CONFORME NF 505 - NEW PLAN CONSTRUTORA LTDA ,,,,,,,,,,411,,"1,180.00",,,,"1,180.00d",,,,,,"1,180.00d",,
10/06/2025,,,,,RECEBIMENTO 505 NEW PLAN CONSTRUTORA LTDA 1-1 ,,,,,,,,,,675,,,,"1,180.00",,0.00,,,,,,0.00,,
03/07/2025,,,,,PRESTAÇÃO DE SERVIÇOS CONFORME NF 520 - NEW PLAN CONSTRUTORA LTDA ,,,,,,,,,,411,,"1,180.00",,,,"1,180.00d",,,,,,"1,180.00d",,
03/07/2025,,,,,PRESTAÇÃO DE SERVIÇOS CONFORME NF 523 - NEW PLAN CONSTRUTORA LTDA ,,,,,,,,,,411,,794.00,,,,"1,974.00d",,,,,,"1,974.00d",,
08/07/2025,,,,,RECEBIMENTO 523 NEW PLAN CONSTRUTORA LTDA 1-1 ,,,,,,,,,,675,,,,794.00,,"1,180.00d",,,,,,"1,180.00d",,
08/07/2025,,,,,RECEBIMENTO 520 NEW PLAN CONSTRUTORA LTDA 1-1 ,,,,,,,,,,675,,,,"1,180.00",,0.00,,,,,,0.00,,
Conta:,,5022,,,,,-,,1.1.2.01.0025,,,,AGÊNCIA DE MARKETING ÁUREA LTDA,,,,,,,,,,,,,,,,
,,,,,SALDO ANTERIOR,,,,,,,,,,,,,,,,,,,,,,494.00d,,
03/01/2025,,,,,PRESTAÇÃO DE SERVIÇOS CONFORME NF 440 - AGÊNCIA DE MARKETING ÁUREA LTDA ,,,,,,,,,,411,,"2,600.00",,,,"2,600.00d",,,,,,"3,094.00d",,
10/01/2025,,,,,RECEBIMENTO 440 AGÊNCIA DE MARKETING ÁUREA LTDA 1-1 ,,,,,,,,,,675,,,,"2,600.00",,0.00,,,,,,494.00d,,
03/02/2025,,,,,PRESTAÇÃO DE SERVIÇOS CONFORME NF 450 - AGÊNCIA DE MARKETING ÁUREA LTDA ,,,,,,,,,,411,,"2,600.00",,,,"2,600.00d",,,,,,"3,094.00d",,
10/02/2025,,,,,RECEBIMENTO 450 AGÊNCIA DE MARKETING ÁUREA LTDA 1-1 ,,,,,,,,,,675,,,,"2,600.00",,0.00,,,,,,494.00d,,
04/03/2025,,,,,PRESTAÇÃO DE SERVIÇOS CONFORME NF 463 - AGÊNCIA DE MARKETING ÁUREA LTDA ,,,,,,,,,,411,,"2,600.00",,,,"2,600.00d",,,,,,"3,094.00d",,
04/03/2025,,,,,PRESTAÇÃO DE SERVIÇOS CONFORME NF 464 - AGÊNCIA DE MARKETING ÁUREA LTDA ,,,,,,,,,,411,,468.00,,,,"3,068.00d",,,,,,"3,562.00d",,
11/03/2025,,,,,RECEBIMENTO 464 AGÊNCIA DE MARKETING ÁUREA LTDA 1-1 ,,,,,,,,,,675,,,,468.00,,"2,600.00d",,,,,,"3,094.00d",,
11/03/2025,,,,,RECEBIMENTO 463 AGÊNCIA DE MARKETING ÁUREA LTDA 1-1 ,,,,,,,,,,675,,,,"2,600.00",,0.00,,,,,,494.00d,,
03/04/2025,,,,,PRESTAÇÃO DE SERVIÇOS CONFORME NF 477 - AGÊNCIA DE MARKETING ÁUREA LTDA ,,,,,,,,,,411,,192.00,,,,192.00d,,,,,,686.00d,,
10/04/2025,,,,,RECEBIMENTO 477 AGÊNCIA DE MARKETING ÁUREA LTDA 1-1 ,,,,,,,,,,675,,,,192.00,,0.00,,,,,,494.00d,,
Conta:,,5023,,,,,-,,1.1.2.01.0026,,,,PLENUM GESTAO EMPRESARIAL LTDA,,,,,,,,,,,,,,,,
,,,,,SALDO ANTERIOR,,,,,,,,,,,,,,,,,,,,,,0.00,,
11/02/2025,,,,,PRESTAÇÃO DE SERVIÇOS CONFORME NF 451 - PLENUM GESTAO EMPRESARIAL LTDA ,,,,,,,,,,411,,235.00,,,,235.00d,,,,,,235.00d,,
11/02/2025,,,,,PRESTAÇÃO DE SERVIÇOS CONFORME NF 452 - PLENUM GESTAO EMPRESARIAL LTDA ,,,,,,,,,,411,,145.00,,,,380.00d,,,,,,380.00d,,
17/03/2025,,,,,RECEBIMENTO 451 PLENUM GESTAO EMPRESARIAL LTDA 1-1 ,,,,,,,,,,675,,,,235.00,,235.00c,,,,,,145.00d,,
17/03/2025,,,,,RECEBIMENTO 452 PLENUM GESTAO EMPRESARIAL LTDA 1-1 ,,,,,,,,,,675,,,,145.00,,380.00c,,,,,,0.00,,
Conta:,,5024,,,,,-,,1.1.2.01.0027,,,,IL GESTÃO FINANCEIRA LTDA,,,,,,,,,,,,,,,,
,,,,,SALDO ANTERIOR,,,,,,,,,,,,,,,,,,,,,,0.00,,
28/03/2025,,,,,PRESTAÇÃO DE SERVIÇOS CONFORME NF 467 - IL GESTÃO FINANCEIRA LTDA ,,,,,,,,,,411,,450.00,,,,450.00d,,,,,,450.00d,,
28/03/2025,,,,,RECEBIMENTO 467 IL GESTÃO FINANCEIRA LTDA 1-1 ,,,,,,,,,,675,,,,450.00,,0.00,,,,,,0.00,,
Conta:,,5025,,,,,-,,1.1.2.01.0028,,,,ANA LUIZA GEVAERD,,,,,,,,,,,,,,,,
,,,,,SALDO ANTERIOR,,,,,,,,,,,,,,,,,,,,,,0.00,,
03/04/2025,,,,,PRESTAÇÃO DE SERVIÇOS CONFORME NF 480 - ANA LUIZA GEVAERD ,,,,,,,,,,411,,"1,000.00",,,,"1,000.00d",,,,,,"1,000.00d",,
11/04/2025,,,,,RECEBIMENTO 480 ANA LUIZA GEVAERD 1-1 ,,,,,,,,,,675,,,,"1,000.00",,0.00,,,,,,0.00,,
02/05/2025,,,,,PRESTAÇÃO DE SERVIÇOS CONFORME NF 493 - ANA LUIZA GEVAERD ,,,,,,,,,,411,,"1,000.00",,,,"1,000.00d",,,,,,"1,000.00d",,
12/05/2025,,,,,RECEBIMENTO 493 ANA LUIZA GEVAERD 1-1 ,,,,,,,,,,675,,,,"1,000.00",,0.00,,,,,,0.00,,
02/06/2025,,,,,PRESTAÇÃO DE SERVIÇOS CONFORME NF 506 - ANA LUIZA GEVAERD ,,,,,,,,,,411,,"1,000.00",,,,"1,000.00d",,,,,,"1,000.00d",,
10/06/2025,,,,,RECEBIMENTO 506 ANA LUIZA GEVAERD 1-1 ,,,,,,,,,,675,,,,"1,000.00",,0.00,,,,,,0.00,,
03/07/2025,,,,,PRESTAÇÃO DE SERVIÇOS CONFORME NF 521 - ANA LUIZA GEVAERD ,,,,,,,,,,411,,"1,000.00",,,,"1,000.00d",,,,,,"1,000.00d",,
10/07/2025,,,,,RECEBIMENTO 521 ANA LUIZA GEVAERD 1-1 ,,,,,,,,,,675,,,,"1,000.00",,0.00,,,,,,0.00,,
Conta:,,5026,,,,,-,,1.1.2.01.0029,,,,VS TRANSPORTES LTDA,,,,,,,,,,,,,,,,
,,,,,SALDO ANTERIOR,,,,,,,,,,,,,,,,,,,,,,0.00,,
08/04/2025,,,,,PRESTAÇÃO DE SERVIÇOS CONFORME NF 481 - VS TRANSPORTES LTDA ,,,,,,,,,,411,,"1,100.00",,,,"1,100.00d",,,,,,"1,100.00d",,
11/04/2025,,,,,RECEBIMENTO 481 VS TRANSPORTES LTDA 1-1 ,,,,,,,,,,675,,,,"1,100.00",,0.00,,,,,,0.00,,
14/04/2025,,,,,PRESTAÇÃO DE SERVIÇOS CONFORME NF 483 - VS TRANSPORTES LTDA ,,,,,,,,,,411,,260.00,,,,260.00d,,,,,,260.00d,,
09/05/2025,,,,,RECEBIMENTO 483 VS TRANSPORTES LTDA 1-1 ,,,,,,,,,,675,,,,260.00,,260.00c,,,,,,0.00,,
Conta:,,5027,,,,,-,,1.1.2.01.0030,,,,ELOYSE KONELL GESTÃO E CONSULTORIA,,,,,,,,,,,,,,,,
,,,,,SALDO ANTERIOR,,,,,,,,,,,,,,,,,,,,,,0.00,,
02/06/2025,,,,,PRESTAÇÃO DE SERVIÇOS CONFORME NF 508 - ELOYSE KONELL GESTÃO E CONSULTORIA ,,,,,,,,,,411,,680.00,,,,680.00d,,,,,,680.00d,,
05/06/2025,,,,,RECEBIMENTO 508 ELOYSE KONELL GESTÃO E CONSULTORIA 1-1 ,,,,,,,,,,675,,,,680.00,,0.00,,,,,,0.00,,
03/07/2025,,,,,PRESTAÇÃO DE SERVIÇOS CONFORME NF 522 - ELOYSE KONELL GESTÃO E CONSULTORIA ,,,,,,,,,,411,,680.00,,,,680.00d,,,,,,680.00d,,
03/07/2025,,,,,RECEBIMENTO 522 ELOYSE KONELL GESTÃO E CONSULTORIA 1-1 ,,,,,,,,,,675,,,,680.00,,0.00,,,,,,0.00,,
Conta:,,5028,,,,,-,,1.1.2.01.0031,,,,CMBR MARKETING E COMUNICACAO LTDA,,,,,,,,,,,,,,,,
,,,,,SALDO ANTERIOR,,,,,,,,,,,,,,,,,,,,,,0.00,,
11/06/2025,,,,,PRESTAÇÃO DE SERVIÇOS CONFORME NF 511 - CMBR MARKETING E COMUNICACAO LTDA ,,,,,,,,,,411,,230.00,,,,230.00d,,,,,,230.00d,,
Conta:,,3002,,,,,-,,2.1.3.01.0003,,,,COLINEAR CONTABILIDADE E FINANCAS LTDA,,,,,,,,,,,,,,,,
,,,,,SALDO ANTERIOR,,,,,,,,,,,,,,,,,,,,,,297.00c,,
26/01/2025,,,,,PAGAMENTO 2983 COLINEAR CONTABILIDADE E FINANCAS LTDA 1-1 ,,,,,,,,,,5,,297.00,,,,297.00d,,,,,,0.00,,
29/01/2025,,,,,SERVIÇO TOMADO CONFORME NF 3282 - COLINEAR CONTABILIDADE E FINANCAS LTDA ,,,,,,,,,,361,,,,297.00,,0.00,,,,,,297.00c,,
26/02/2025,,,,,SERVIÇO TOMADO CONFORME NF 3592 - COLINEAR CONTABILIDADE E FINANCAS LTDA ,,,,,,,,,,361,,,,297.00,,297.00c,,,,,,594.00c,,
28/02/2025,,,,,PAGAMENTO 3282 COLINEAR CONTABILIDADE E FINANCAS LTDA 1-1 ,,,,,,,,,,5,,297.00,,,,0.00,,,,,,297.00c,,
11/03/2025,,,,,PAGAMENTO 3592 COLINEAR CONTABILIDADE E FINANCAS LTDA 1-1 ,,,,,,,,,,675,,297.00,,,,297.00d,,,,,,0.00,,
25/03/2025,,,,,SERVIÇO TOMADO CONFORME NF 3924 - COLINEAR CONTABILIDADE E FINANCAS LTDA ,,,,,,,,,,361,,,,297.00,,0.00,,,,,,297.00c,,
15/04/2025,,,,,SERVIÇO TOMADO CONFORME NF 4279 - COLINEAR CONTABILIDADE E FINANCAS LTDA ,,,,,,,,,,361,,,,297.00,,297.00c,,,,,,594.00c,,
24/04/2025,,,,,PAGAMENTO 3924 COLINEAR CONTABILIDADE E FINANCAS LTDA 1-1 ,,,,,,,,,,5,,297.00,,,,0.00,,,,,,297.00c,,
12/05/2025,,,,,PAGAMENTO 4279 COLINEAR CONTABILIDADE E FINANCAS LTDA 1-1 ,,,,,,,,,,675,,297.00,,,,297.00d,,,,,,0.00,,
28/05/2025,,,,,SERVIÇO TOMADO CONFORME NF 4679 - COLINEAR CONTABILIDADE E FINANCAS LTDA ,,,,,,,,,,361,,,,297.00,,0.00,,,,,,297.00c,,
10/06/2025,,,,,PAGAMENTO 4679 COLINEAR CONTABILIDADE E FINANCAS LTDA 1-1 ,,,,,,,,,,675,,297.00,,,,297.00d,,,,,,0.00,,
27/06/2025,,,,,SERVIÇO TOMADO CONFORME NF 5064 - COLINEAR CONTABILIDADE E FINANCAS LTDA ,,,,,,,,,,361,,,,297.00,,0.00,,,,,,297.00c,,
08/07/2025,,,,,PAGAMENTO 5064 COLINEAR CONTABILIDADE E FINANCAS LTDA 1-1 ,,,,,,,,,,675,,297.00,,,,297.00d,,,,,,0.00,,
24/07/2025,,,,,SERVIÇO TOMADO CONFORME NF 5499 - COLINEAR CONTABILIDADE E FINANCAS LTDA ,,,,,,,,,,361,,,,297.00,,0.00,,,,,,297.00c,,
Conta:,,479,,,,,-,,2.1.4.01.0015,,,,SIMPLES NACIONAL A RECOLHER,,,,,,,,,,,,,,,,
,,,,,SALDO ANTERIOR,,,,,,,,,,,,,,,,,,,,,,596.03c,,
20/01/2025,,,,,PAGAMENTO SIMPLES 12/2024 ,,,,,,,,,,5,,596.03,,,,596.03d,,,,,,0.00,,
31/01/2025,,,,,VALOR A RECOLHER SIMPLES 01/2025 ,,,,,,,,,,480,,,,507.60,,88.43d,,,,,,507.60c,,
20/02/2025,,,,,PAGAMENTO SIMPLES 01/2025 ,,,,,,,,,,5,,507.60,,,,507.60d,,,,,,0.00,,
28/02/2025,,,,,VALOR A RECOLHER SIMPLES 02/2025 ,,,,,,,,,,480,,,,553.80,,46.20c,,,,,,553.80c,,
14/03/2025,,,,,PAGAMENTO SIMPLES 02/2025 ,,,,,,,,,,675,,553.80,,,,553.80d,,,,,,0.00,,
31/03/2025,,,,,VALOR A RECOLHER SIMPLES 03/2025 ,,,,,,,,,,480,,,,717.84,,164.04c,,,,,,717.84c,,
22/04/2025,,,,,PAGAMENTO SIMPLES 03/2025 ,,,,,,,,,,675,,717.84,,,,717.84d,,,,,,0.00,,
30/04/2025,,,,,VALOR A RECOLHER SIMPLES 04/2025 ,,,,,,,,,,480,,,,638.82,,79.02d,,,,,,638.82c,,
20/05/2025,,,,,PAGAMENTO SIMPLES 04/2025 ,,,,,,,,,,675,,638.82,,,,638.82d,,,,,,0.00,,
31/05/2025,,,,,VALOR A RECOLHER SIMPLES 05/2025 ,,,,,,,,,,480,,,,545.70,,93.12d,,,,,,545.70c,,
11/06/2025,,,,,PAGAMENTO SIMPLES 05/2025 ,,,,,,,,,,675,,545.70,,,,545.70d,,,,,,0.00,,
30/06/2025,,,,,VALOR A RECOLHER SIMPLES 06/2025 ,,,,,,,,,,480,,,,578.09,,32.39c,,,,,,578.09c,,
11/07/2025,,,,,PAGAMENTO SIMPLES 06/2025 ,,,,,,,,,,675,,578.09,,,,578.09d,,,,,,0.00,,
31/07/2025,,,,,VALOR A RECOLHER SIMPLES 07/2025 ,,,,,,,,,,480,,,,659.34,,81.25c,,,,,,659.34c,,
Conta:,,188,,,,,-,,2.1.5.01.0002,,,,PRÓ-LABORE A PAGAR,,,,,,,,,,,,,,,,
,,,,,SALDO ANTERIOR,,,,,,,,,,,,,,,,,,,,,,"1,256.68c",,
13/01/2025,,,,,PAGAMENTO DE PRÓ-LABORE MÊS 12/2024  ,,,,,,,,,,675,,"1,256.68",,,,"1,256.68d",,,,,,0.00,,
31/01/2025,,,,,REFERENTE A PRÓ-LABORE DO MÊS 01/2025 ,,,,,,,,,,332,,,,"1,518.00",,261.32c,,,,,,"1,518.00c",,
31/01/2025,,,,,INSS A RECOLHER DO MÊS 01/2025 ,,,,,,,,,,191,,166.98,,,,94.34c,,,,,,"1,351.02c",,
11/02/2025,,,,,PAGAMENTO DE PRÓ-LABORE MÊS 01/2025  ,,,,,,,,,,675,,"1,256.68",,,,"1,256.68d",,,,,,94.34c,,
11/02/2025,,,,,PAGAMENTO DE PRÓ-LABORE MÊS 01/2025  ,,,,,,,,,,5,,94.34,,,,"1,351.02d",,,,,,0.00,,
28/02/2025,,,,,REFERENTE A PRÓ-LABORE DO MÊS 02/2025 ,,,,,,,,,,332,,,,"1,518.00",,166.98c,,,,,,"1,518.00c",,
28/02/2025,,,,,INSS A RECOLHER DO MÊS 02/2025 ,,,,,,,,,,191,,166.98,,,,0.00,,,,,,"1,351.02c",,
11/03/2025,,,,,PAGAMENTO DE PRÓ-LABORE MÊS 02/2025  ,,,,,,,,,,675,,"1,351.02",,,,"1,351.02d",,,,,,0.00,,
31/03/2025,,,,,REFERENTE A PRÓ-LABORE DO MÊS 03/2025 ,,,,,,,,,,332,,,,"1,518.00",,166.98c,,,,,,"1,518.00c",,
31/03/2025,,,,,INSS A RECOLHER DO MÊS 03/2025 ,,,,,,,,,,191,,166.98,,,,0.00,,,,,,"1,351.02c",,
08/04/2025,,,,,PAGAMENTO DE PRÓ-LABORE MÊS 03/2025  ,,,,,,,,,,675,,"1,351.02",,,,"1,351.02d",,,,,,0.00,,
30/04/2025,,,,,REFERENTE A PRÓ-LABORE DO MÊS 04/2025 ,,,,,,,,,,332,,,,"1,518.00",,166.98c,,,,,,"1,518.00c",,
30/04/2025,,,,,INSS A RECOLHER DO MÊS 04/2025 ,,,,,,,,,,191,,166.98,,,,0.00,,,,,,"1,351.02c",,
12/05/2025,,,,,PAGAMENTO DE PRÓ-LABORE MÊS 04/2025  ,,,,,,,,,,675,,"1,351.02",,,,"1,351.02d",,,,,,0.00,,
30/05/2025,,,,,REFERENTE A PRÓ-LABORE DO MÊS 05/2025 ,,,,,,,,,,332,,,,"1,518.00",,166.98c,,,,,,"1,518.00c",,
30/05/2025,,,,,INSS A RECOLHER DO MÊS 05/2025 ,,,,,,,,,,191,,166.98,,,,0.00,,,,,,"1,351.02c",,
11/06/2025,,,,,PAGAMENTO DE PRÓ-LABORE MÊS 05/2025  ,,,,,,,,,,675,,"1,351.02",,,,"1,351.02d",,,,,,0.00,,
30/06/2025,,,,,REFERENTE A PRÓ-LABORE DO MÊS 06/2025 ,,,,,,,,,,332,,,,"1,518.00",,166.98c,,,,,,"1,518.00c",,
30/06/2025,,,,,INSS A RECOLHER DO MÊS 06/2025 ,,,,,,,,,,191,,166.98,,,,0.00,,,,,,"1,351.02c",,
08/07/2025,,,,,PAGAMENTO DE PRÓ-LABORE MÊS 06/2025  ,,,,,,,,,,675,,"1,351.02",,,,"1,351.02d",,,,,,0.00,,
31/07/2025,,,,,REFERENTE A PRÓ-LABORE DO MÊS 07/2025 ,,,,,,,,,,332,,,,"1,518.00",,166.98c,,,,,,"1,518.00c",,
31/07/2025,,,,,INSS A RECOLHER DO MÊS 07/2025 ,,,,,,,,,,191,,166.98,,,,0.00,,,,,,"1,351.02c",,
Conta:,,191,,,,,-,,2.1.5.02.0001,,,,INSS A RECOLHER,,,,,,,,,,,,,,,,
,,,,,SALDO ANTERIOR,,,,,,,,,,,,,,,,,,,,,,155.32c,,
20/01/2025,,,,,PAGAMENTO DE INSS MÊS 12/2024 ,,,,,,,,,,5,,155.32,,,,155.32d,,,,,,0.00,,
31/01/2025,,,,,INSS A RECOLHER DO MÊS 01/2025 ,,,,,,,,,,188,,,,166.98,,11.66c,,,,,,166.98c,,
12/02/2025,,,,,PAGAMENTO DE INSS MÊS 01/2025 ,,,,,,,,,,675,,166.98,,,,166.98d,,,,,,0.00,,
28/02/2025,,,,,INSS A RECOLHER DO MÊS 02/2025 ,,,,,,,,,,188,,,,166.98,,0.00,,,,,,166.98c,,
14/03/2025,,,,,PAGAMENTO DE INSS MÊS 02/2025 ,,,,,,,,,,675,,166.98,,,,166.98d,,,,,,0.00,,
31/03/2025,,,,,INSS A RECOLHER DO MÊS 03/2025 ,,,,,,,,,,188,,,,166.98,,0.00,,,,,,166.98c,,
14/04/2025,,,,,PAGAMENTO DE INSS MÊS 03/2025 ,,,,,,,,,,675,,166.98,,,,166.98d,,,,,,0.00,,
30/04/2025,,,,,INSS A RECOLHER DO MÊS 04/2025 ,,,,,,,,,,188,,,,166.98,,0.00,,,,,,166.98c,,
12/05/2025,,,,,PAGAMENTO DE INSS MÊS 04/2025 ,,,,,,,,,,675,,166.98,,,,166.98d,,,,,,0.00,,
30/05/2025,,,,,INSS A RECOLHER DO MÊS 05/2025 ,,,,,,,,,,188,,,,166.98,,0.00,,,,,,166.98c,,
11/06/2025,,,,,PAGAMENTO DE INSS MÊS 05/2025 ,,,,,,,,,,675,,166.98,,,,166.98d,,,,,,0.00,,
30/06/2025,,,,,INSS A RECOLHER DO MÊS 06/2025 ,,,,,,,,,,188,,,,166.98,,0.00,,,,,,166.98c,,
15/07/2025,,,,,PAGAMENTO DE INSS MÊS 06/2025 ,,,,,,,,,,675,,166.98,,,,166.98d,,,,,,0.00,,
31/07/2025,,,,,INSS A RECOLHER DO MÊS 07/2025 ,,,,,,,,,,188,,,,166.98,,0.00,,,,,,166.98c,,
Conta:,,554,,,,,-,,2.1.6.01.0001,,,,ADIANTAMENTO DE CLIENTES,,,,,,,,,,,,,,,,
,,,,,SALDO ANTERIOR,,,,,,,,,,,,,,,,,,,,,,"1,451.88c",,
Conta:,,245,,,,,-,,2.3.1.01.0001,,,,CAPITAL SOCIAL,,,,,,,,,,,,,,,,
,,,,,SALDO ANTERIOR,,,,,,,,,,,,,,,,,,,,,,"10,000.00c",,
Conta:,,266,,,,,-,,2.3.5.01.0001,,,,LUCROS ACUMULADOS,,,,,,,,,,,,,,,,
,,,,,SALDO ANTERIOR,,,,,,,,,,,,,,,,,,,,,,0.00,,
01/01/2025,,,,,TRANSFERÊNCIA DE SALDO ,,,,,,,,,,518,,,,"40,839.25",,"40,839.25c",,,,,,"40,839.25c",,
Conta:,,518,,,,,-,,2.3.5.01.0004,,,,LUCRO DO PERIODO,,,,,,,,,,,,,,,,
,,,,,SALDO ANTERIOR,,,,,,,,,,,,,,,,,,,,,,"40,839.25c",,
01/01/2025,,,,,TRANSFERÊNCIA DE SALDO ,,,,,,,,,,266,,"40,839.25",,,,"40,839.25d",,,,,,0.00,,
Conta:,,658,,,,,-,,2.3.6.01.0001,,,,(-) RESERVA PARA DISTRIBUIÇÃO DE LUCROS,,,,,,,,,,,,,,,,
,,,,,SALDO ANTERIOR,,,,,,,,,,,,,,,,,,,,,,0.00,,
14/01/2025,,,,,"DISTRIBUIÇÃO ANTECIPADA DE LUCROS À SOCIA LARA CRISTINA KREUSCH
",,,,,,,,,,675,,"7,000.00",,,,"7,000.00d",,,,,,"7,000.00d",,
14/01/2025,,,,,"DISTRIBUIÇÃO ANTECIPADA DE LUCROS À SOCIA LARA CRISTINA KREUSCH
",,,,,,,,,,675,,203.32,,,,"7,203.32d",,,,,,"7,203.32d",,
11/02/2025,,,,,"DISTRIBUIÇÃO ANTECIPADA DE LUCROS À SOCIA LARA CRISTINA KREUSCH
",,,,,,,,,,675,,"1,000.00",,,,"1,000.00d",,,,,,"8,203.32d",,
11/02/2025,,,,,"DISTRIBUIÇÃO ANTECIPADA DE LUCROS À SOCIA LARA CRISTINA KREUSCH
",,,,,,,,,,675,,"6,000.00",,,,"7,000.00d",,,,,,"14,203.32d",,
12/02/2025,,,,,"DISTRIBUIÇÃO ANTECIPADA DE LUCROS À SOCIA LARA CRISTINA KREUSCH
",,,,,,,,,,675,,86.34,,,,"7,086.34d",,,,,,"14,289.66d",,
13/02/2025,,,,,"DISTRIBUIÇÃO ANTECIPADA DE LUCROS À SOCIA LARA CRISTINA KREUSCH
",,,,,,,,,,675,,47.25,,,,"7,133.59d",,,,,,"14,336.91d",,
14/02/2025,,,,,"DISTRIBUIÇÃO ANTECIPADA DE LUCROS À SOCIA LARA CRISTINA KREUSCH
",,,,,,,,,,675,,300.00,,,,"7,433.59d",,,,,,"14,636.91d",,
11/03/2025,,,,,"DISTRIBUIÇÃO ANTECIPADA DE LUCROS À SOCIA LARA CRISTINA KREUSCH
",,,,,,,,,,675,,"2,900.00",,,,"2,900.00d",,,,,,"17,536.91d",,
11/03/2025,,,,,"DISTRIBUIÇÃO ANTECIPADA DE LUCROS À SOCIA LARA CRISTINA KREUSCH
",,,,,,,,,,675,,"5,000.00",,,,"7,900.00d",,,,,,"22,536.91d",,
14/03/2025,,,,,"DISTRIBUIÇÃO ANTECIPADA DE LUCROS À SOCIA LARA CRISTINA KREUSCH
",,,,,,,,,,675,,377.61,,,,"8,277.61d",,,,,,"22,914.52d",,
18/03/2025,,,,,"DISTRIBUIÇÃO ANTECIPADA DE LUCROS À SOCIA LARA CRISTINA KREUSCH
",,,,,,,,,,675,,391.38,,,,"8,668.99d",,,,,,"23,305.90d",,
08/04/2025,,,,,"DISTRIBUIÇÃO ANTECIPADA DE LUCROS À SOCIA LARA CRISTINA KREUSCH
",,,,,,,,,,675,,"1,700.00",,,,"1,700.00d",,,,,,"25,005.90d",,
10/04/2025,,,,,"DISTRIBUIÇÃO ANTECIPADA DE LUCROS À SOCIA LARA CRISTINA KREUSCH
",,,,,,,,,,675,,"3,600.00",,,,"5,300.00d",,,,,,"28,605.90d",,
11/04/2025,,,,,"EXTORNO DE DISTRIBUIÇÃO ANTECIPADA DE LUCROS À SOCIA LARA CRISTINA KREUSCH
",,,,,,,,,,675,,,,110.00,,"5,190.00d",,,,,,"28,495.90d",,
11/04/2025,,,,,"DISTRIBUIÇÃO ANTECIPADA DE LUCROS À SOCIA LARA CRISTINA KREUSCH
",,,,,,,,,,675,,"3,000.00",,,,"8,190.00d",,,,,,"31,495.90d",,
06/05/2025,,,,,"DISTRIBUIÇÃO ANTECIPADA DE LUCROS À SOCIA LARA CRISTINA KREUSCH
",,,,,,,,,,675,,500.00,,,,500.00d,,,,,,"31,995.90d",,
09/05/2025,,,,,"DISTRIBUIÇÃO ANTECIPADA DE LUCROS À SOCIA LARA CRISTINA KREUSCH
",,,,,,,,,,675,,550.00,,,,"1,050.00d",,,,,,"32,545.90d",,
12/05/2025,,,,,"DISTRIBUIÇÃO ANTECIPADA DE LUCROS À SOCIA LARA CRISTINA KREUSCH
",,,,,,,,,,675,,"1,135.29",,,,"2,185.29d",,,,,,"33,681.19d",,
12/05/2025,,,,,"DISTRIBUIÇÃO ANTECIPADA DE LUCROS À SOCIA LARA CRISTINA KREUSCH
",,,,,,,,,,675,,"1,780.00",,,,"3,965.29d",,,,,,"35,461.19d",,
13/05/2025,,,,,"DISTRIBUIÇÃO ANTECIPADA DE LUCROS À SOCIA LARA CRISTINA KREUSCH
",,,,,,,,,,675,,121.18,,,,"4,086.47d",,,,,,"35,582.37d",,
13/05/2025,,,,,"DISTRIBUIÇÃO ANTECIPADA DE LUCROS À SOCIA LARA CRISTINA KREUSCH
",,,,,,,,,,675,,"1,000.00",,,,"5,086.47d",,,,,,"36,582.37d",,
13/05/2025,,,,,"DISTRIBUIÇÃO ANTECIPADA DE LUCROS À SOCIA LARA CRISTINA KREUSCH
",,,,,,,,,,675,,"2,320.00",,,,"7,406.47d",,,,,,"38,902.37d",,
10/06/2025,,,,,"DISTRIBUIÇÃO ANTECIPADA DE LUCROS À SOCIA LARA CRISTINA KREUSCH
",,,,,,,,,,675,,"3,000.00",,,,"3,000.00d",,,,,,"41,902.37d",,
11/06/2025,,,,,"DISTRIBUIÇÃO ANTECIPADA DE LUCROS À SOCIA LARA CRISTINA KREUSCH
",,,,,,,,,,675,,"2,569.30",,,,"5,569.30d",,,,,,"44,471.67d",,
16/06/2025,,,,,"DISTRIBUIÇÃO ANTECIPADA DE LUCROS À SOCIA LARA CRISTINA KREUSCH
",,,,,,,,,,675,,735.00,,,,"6,304.30d",,,,,,"45,206.67d",,
23/06/2025,,,,,"DISTRIBUIÇÃO ANTECIPADA DE LUCROS À SOCIA LARA CRISTINA KREUSCH
",,,,,,,,,,675,,285.00,,,,"6,589.30d",,,,,,"45,491.67d",,
07/07/2025,,,,,"DISTRIBUIÇÃO ANTECIPADA DE LUCROS À SOCIA LARA CRISTINA KREUSCH
",,,,,,,,,,675,,"1,930.00",,,,"1,930.00d",,,,,,"47,421.67d",,
11/07/2025,,,,,"DISTRIBUIÇÃO ANTECIPADA DE LUCROS À SOCIA LARA CRISTINA KREUSCH
",,,,,,,,,,675,,"6,800.00",,,,"8,730.00d",,,,,,"54,221.67d",,
Conta:,,332,,,,,-,,3.2.2.01.0002,,,,PRÓ-LABORE,,,,,,,,,,,,,,,,
,,,,,SALDO ANTERIOR,,,,,,,,,,,,,,,,,,,,,,0.00,,
31/01/2025,,,,,REFERENTE A PRÓ-LABORE DO MÊS 01/2025 ,,,,,,,,,,188,,"1,518.00",,,,"1,518.00d",,,,,,"1,518.00d",,
28/02/2025,,,,,REFERENTE A PRÓ-LABORE DO MÊS 02/2025 ,,,,,,,,,,188,,"1,518.00",,,,"1,518.00d",,,,,,"3,036.00d",,
31/03/2025,,,,,REFERENTE A PRÓ-LABORE DO MÊS 03/2025 ,,,,,,,,,,188,,"1,518.00",,,,"1,518.00d",,,,,,"4,554.00d",,
30/04/2025,,,,,REFERENTE A PRÓ-LABORE DO MÊS 04/2025 ,,,,,,,,,,188,,"1,518.00",,,,"1,518.00d",,,,,,"6,072.00d",,
30/05/2025,,,,,REFERENTE A PRÓ-LABORE DO MÊS 05/2025 ,,,,,,,,,,188,,"1,518.00",,,,"1,518.00d",,,,,,"7,590.00d",,
30/06/2025,,,,,REFERENTE A PRÓ-LABORE DO MÊS 06/2025 ,,,,,,,,,,188,,"1,518.00",,,,"1,518.00d",,,,,,"9,108.00d",,
31/07/2025,,,,,REFERENTE A PRÓ-LABORE DO MÊS 07/2025 ,,,,,,,,,,188,,"1,518.00",,,,"1,518.00d",,,,,,"10,626.00d",,
Conta:,,621,,,,,-,,3.2.2.03.0010,,,,ALVARÁS,,,,,,,,,,,,,,,,
,,,,,SALDO ANTERIOR,,,,,,,,,,,,,,,,,,,,,,0.00,,
11/04/2025,,,,,PAGAMENTO ALVARÁ,,,,,,,,,,675,,212.47,,,,212.47d,,,,,,212.47d,,
Conta:,,359,,,,,-,,3.2.2.04.0006,,,,MATERIAL DE ESCRITÓRIO,,,,,,,,,,,,,,,,
,,,,,SALDO ANTERIOR,,,,,,,,,,,,,,,,,,,,,,0.00,,
08/05/2025,,,,,COOPER,,,,,,,,,,675,,20.07,,,,20.07d,,,,,,20.07d,,
08/05/2025,,,,,EMBALAGENS,,,,,,,,,,675,,33.60,,,,53.67d,,,,,,53.67d,,
09/07/2025,,,,,EMBALAGENS,,,,,,,,,,675,,14.19,,,,14.19d,,,,,,67.86d,,
09/07/2025,,,,,EMBALAGENS,,,,,,,,,,675,,22.00,,,,36.19d,,,,,,89.86d,,
Conta:,,361,,,,,-,,3.2.2.04.0008,,,,ASSESSORIA CONTÁBIL,,,,,,,,,,,,,,,,
,,,,,SALDO ANTERIOR,,,,,,,,,,,,,,,,,,,,,,0.00,,
29/01/2025,,,,,SERVIÇO TOMADO CONFORME NF 3282 - COLINEAR CONTABILIDADE E FINANCAS LTDA ,,,,,,,,,,3002,,297.00,,,,297.00d,,,,,,297.00d,,
26/02/2025,,,,,SERVIÇO TOMADO CONFORME NF 3592 - COLINEAR CONTABILIDADE E FINANCAS LTDA ,,,,,,,,,,3002,,297.00,,,,297.00d,,,,,,594.00d,,
25/03/2025,,,,,SERVIÇO TOMADO CONFORME NF 3924 - COLINEAR CONTABILIDADE E FINANCAS LTDA ,,,,,,,,,,3002,,297.00,,,,297.00d,,,,,,891.00d,,
15/04/2025,,,,,SERVIÇO TOMADO CONFORME NF 4279 - COLINEAR CONTABILIDADE E FINANCAS LTDA ,,,,,,,,,,3002,,297.00,,,,297.00d,,,,,,"1,188.00d",,
28/05/2025,,,,,SERVIÇO TOMADO CONFORME NF 4679 - COLINEAR CONTABILIDADE E FINANCAS LTDA ,,,,,,,,,,3002,,297.00,,,,297.00d,,,,,,"1,485.00d",,
27/06/2025,,,,,SERVIÇO TOMADO CONFORME NF 5064 - COLINEAR CONTABILIDADE E FINANCAS LTDA ,,,,,,,,,,3002,,297.00,,,,297.00d,,,,,,"1,782.00d",,
24/07/2025,,,,,SERVIÇO TOMADO CONFORME NF 5499 - COLINEAR CONTABILIDADE E FINANCAS LTDA ,,,,,,,,,,3002,,297.00,,,,297.00d,,,,,,"2,079.00d",,
Conta:,,362,,,,,-,,3.2.2.04.0009,,,,SERVIÇOS PRESTADOS POR TERCEIROS,,,,,,,,,,,,,,,,
,,,,,SALDO ANTERIOR,,,,,,,,,,,,,,,,,,,,,,0.00,,
11/04/2025,,,,,PAGAMENTO DIEGO,,,,,,,,,,675,,120.00,,,,120.00d,,,,,,120.00d,,
Conta:,,661,,,,,-,,3.2.2.04.0028,,,,ALIMENTAÇÃO,,,,,,,,,,,,,,,,
,,,,,SALDO ANTERIOR,,,,,,,,,,,,,,,,,,,,,,0.00,,
11/04/2025,,,,,PAGAMENTO IFOOD,,,,,,,,,,675,,149.80,,,,149.80d,,,,,,149.80d,,
Conta:,,411,,,,,-,,4.1.1.02.0001,,,,SERVIÇOS PRESTADOS,,,,,,,,,,,,,,,,
,,,,,SALDO ANTERIOR,,,,,,,,,,,,,,,,,,,,,,0.00,,
03/01/2025,,,,,PRESTAÇÃO DE SERVIÇOS CONFORME NF 431 - LINCE PARTICIPACOES E EMPREENDIMENTOS LTDA ,,,,,,,,,,3001,,,,480.00,,480.00c,,,,,,480.00c,,
03/01/2025,,,,,PRESTAÇÃO DE SERVIÇOS CONFORME NF 432 - ASSOCIAÇÃO SCANGELS ,,,,,,,,,,5002,,,,580.00,,"1,060.00c",,,,,,"1,060.00c",,
03/01/2025,,,,,PRESTAÇÃO DE SERVIÇOS CONFORME NF 433 - JARISE LANGE FLORIANO LTDA ,,,,,,,,,,5003,,,,650.00,,"1,710.00c",,,,,,"1,710.00c",,
03/01/2025,,,,,PRESTAÇÃO DE SERVIÇOS CONFORME NF 434 - TERRAZA SANTA HELENA SPE LTDA ,,,,,,,,,,5010,,,,"1,140.00",,"2,850.00c",,,,,,"2,850.00c",,
03/01/2025,,,,,PRESTAÇÃO DE SERVIÇOS CONFORME NF 435 - TERRAZA EMPREENDIMENTOS LTDA ,,,,,,,,,,5009,,,,760.00,,"3,610.00c",,,,,,"3,610.00c",,
03/01/2025,,,,,PRESTAÇÃO DE SERVIÇOS CONFORME NF 436 - COLINEAR CONTABILIDADE E FINANCAS LTDA ,,,,,,,,,,5012,,,,390.00,,"4,000.00c",,,,,,"4,000.00c",,
03/01/2025,,,,,PRESTAÇÃO DE SERVIÇOS CONFORME NF 437 - AESTRA GESTAO E NEGOCIOS LTDA ,,,,,,,,,,5017,,,,340.00,,"4,340.00c",,,,,,"4,340.00c",,
03/01/2025,,,,,PRESTAÇÃO DE SERVIÇOS CONFORME NF 438 - NION ACESSORIA ,,,,,,,,,,5018,,,,340.00,,"4,680.00c",,,,,,"4,680.00c",,
03/01/2025,,,,,PRESTAÇÃO DE SERVIÇOS CONFORME NF 439 - NEW PLAN CONSTRUTORA LTDA ,,,,,,,,,,5021,,,,"1,180.00",,"5,860.00c",,,,,,"5,860.00c",,
03/01/2025,,,,,PRESTAÇÃO DE SERVIÇOS CONFORME NF 440 - AGÊNCIA DE MARKETING ÁUREA LTDA ,,,,,,,,,,5022,,,,"2,600.00",,"8,460.00c",,,,,,"8,460.00c",,
03/02/2025,,,,,PRESTAÇÃO DE SERVIÇOS CONFORME NF 441 - LINCE PARTICIPACOES E EMPREENDIMENTOS LTDA ,,,,,,,,,,3001,,,,480.00,,480.00c,,,,,,"8,940.00c",,
03/02/2025,,,,,PRESTAÇÃO DE SERVIÇOS CONFORME NF 442 - ASSOCIAÇÃO SCANGELS ,,,,,,,,,,5002,,,,580.00,,"1,060.00c",,,,,,"9,520.00c",,
03/02/2025,,,,,PRESTAÇÃO DE SERVIÇOS CONFORME NF 443 - JARISE LANGE FLORIANO LTDA ,,,,,,,,,,5003,,,,650.00,,"1,710.00c",,,,,,"10,170.00c",,
03/02/2025,,,,,PRESTAÇÃO DE SERVIÇOS CONFORME NF 444 - TERRAZA SANTA HELENA SPE LTDA ,,,,,,,,,,5010,,,,"1,140.00",,"2,850.00c",,,,,,"11,310.00c",,
03/02/2025,,,,,PRESTAÇÃO DE SERVIÇOS CONFORME NF 445 - TERRAZA EMPREENDIMENTOS LTDA ,,,,,,,,,,5009,,,,760.00,,"3,610.00c",,,,,,"12,070.00c",,
03/02/2025,,,,,PRESTAÇÃO DE SERVIÇOS CONFORME NF 446 - COLINEAR CONTABILIDADE E FINANCAS LTDA ,,,,,,,,,,5012,,,,780.00,,"4,390.00c",,,,,,"12,850.00c",,
03/02/2025,,,,,PRESTAÇÃO DE SERVIÇOS CONFORME NF 447 - AESTRA GESTAO E NEGOCIOS LTDA ,,,,,,,,,,5017,,,,340.00,,"4,730.00c",,,,,,"13,190.00c",,
03/02/2025,,,,,PRESTAÇÃO DE SERVIÇOS CONFORME NF 448 - NION ACESSORIA ,,,,,,,,,,5018,,,,340.00,,"5,070.00c",,,,,,"13,530.00c",,
03/02/2025,,,,,PRESTAÇÃO DE SERVIÇOS CONFORME NF 449 - NEW PLAN CONSTRUTORA LTDA ,,,,,,,,,,5021,,,,"1,180.00",,"6,250.00c",,,,,,"14,710.00c",,
03/02/2025,,,,,PRESTAÇÃO DE SERVIÇOS CONFORME NF 450 - AGÊNCIA DE MARKETING ÁUREA LTDA ,,,,,,,,,,5022,,,,"2,600.00",,"8,850.00c",,,,,,"17,310.00c",,
11/02/2025,,,,,PRESTAÇÃO DE SERVIÇOS CONFORME NF 451 - PLENUM GESTAO EMPRESARIAL LTDA ,,,,,,,,,,5023,,,,235.00,,"9,085.00c",,,,,,"17,545.00c",,
11/02/2025,,,,,PRESTAÇÃO DE SERVIÇOS CONFORME NF 452 - PLENUM GESTAO EMPRESARIAL LTDA ,,,,,,,,,,5023,,,,145.00,,"9,230.00c",,,,,,"17,690.00c",,
04/03/2025,,,,,PRESTAÇÃO DE SERVIÇOS CONFORME NF 453 - LINCE PARTICIPACOES E EMPREENDIMENTOS LTDA ,,,,,,,,,,3001,,,,480.00,,480.00c,,,,,,"18,170.00c",,
04/03/2025,,,,,PRESTAÇÃO DE SERVIÇOS CONFORME NF 454 - ASSOCIAÇÃO SCANGELS ,,,,,,,,,,5002,,,,580.00,,"1,060.00c",,,,,,"18,750.00c",,
04/03/2025,,,,,PRESTAÇÃO DE SERVIÇOS CONFORME NF 455 - JARISE LANGE FLORIANO LTDA ,,,,,,,,,,5003,,,,650.00,,"1,710.00c",,,,,,"19,400.00c",,
04/03/2025,,,,,PRESTAÇÃO DE SERVIÇOS CONFORME NF 456 - TERRAZA SANTA HELENA SPE LTDA ,,,,,,,,,,5010,,,,"1,140.00",,"2,850.00c",,,,,,"20,540.00c",,
04/03/2025,,,,,PRESTAÇÃO DE SERVIÇOS CONFORME NF 457 - TERRAZA EMPREENDIMENTOS LTDA ,,,,,,,,,,5009,,,,760.00,,"3,610.00c",,,,,,"21,300.00c",,
04/03/2025,,,,,PRESTAÇÃO DE SERVIÇOS CONFORME NF 458 - COLINEAR CONTABILIDADE E FINANCAS LTDA ,,,,,,,,,,5012,,,,780.00,,"4,390.00c",,,,,,"22,080.00c",,
04/03/2025,,,,,PRESTAÇÃO DE SERVIÇOS CONFORME NF 459 - AESTRA GESTAO E NEGOCIOS LTDA ,,,,,,,,,,5017,,,,340.00,,"4,730.00c",,,,,,"22,420.00c",,
04/03/2025,,,,,PRESTAÇÃO DE SERVIÇOS CONFORME NF 460 - NION ACESSORIA ,,,,,,,,,,5018,,,,340.00,,"5,070.00c",,,,,,"22,760.00c",,
04/03/2025,,,,,PRESTAÇÃO DE SERVIÇOS CONFORME NF 461 - NEW PLAN CONSTRUTORA LTDA ,,,,,,,,,,5021,,,,"1,180.00",,"6,250.00c",,,,,,"23,940.00c",,
04/03/2025,,,,,PRESTAÇÃO DE SERVIÇOS CONFORME NF 462 - NEW PLAN CONSTRUTORA LTDA ,,,,,,,,,,5021,,,,632.00,,"6,882.00c",,,,,,"24,572.00c",,
04/03/2025,,,,,PRESTAÇÃO DE SERVIÇOS CONFORME NF 463 - AGÊNCIA DE MARKETING ÁUREA LTDA ,,,,,,,,,,5022,,,,"2,600.00",,"9,482.00c",,,,,,"27,172.00c",,
04/03/2025,,,,,PRESTAÇÃO DE SERVIÇOS CONFORME NF 464 - AGÊNCIA DE MARKETING ÁUREA LTDA ,,,,,,,,,,5022,,,,468.00,,"9,950.00c",,,,,,"27,640.00c",,
04/03/2025,,,,,PRESTAÇÃO DE SERVIÇOS CONFORME NF 465 - AMMA COMERCIAL LTDA ,,,,,,,,,,5014,,,,675.00,,"10,625.00c",,,,,,"28,315.00c",,
25/03/2025,,,,,PRESTAÇÃO DE SERVIÇOS CONFORME NF 466 - CLIENTES DIVERSOS ,,,,,,,,,,504,,,,889.00,,"11,514.00c",,,,,,"29,204.00c",,
28/03/2025,,,,,PRESTAÇÃO DE SERVIÇOS CONFORME NF 467 - IL GESTÃO FINANCEIRA LTDA ,,,,,,,,,,5024,,,,450.00,,"11,964.00c",,,,,,"29,654.00c",,
03/04/2025,,,,,PRESTAÇÃO DE SERVIÇOS CONFORME NF 468 - LINCE PARTICIPACOES E EMPREENDIMENTOS LTDA ,,,,,,,,,,3001,,,,480.00,,480.00c,,,,,,"30,134.00c",,
03/04/2025,,,,,PRESTAÇÃO DE SERVIÇOS CONFORME NF 469 - ASSOCIAÇÃO SCANGELS ,,,,,,,,,,5002,,,,580.00,,"1,060.00c",,,,,,"30,714.00c",,
03/04/2025,,,,,PRESTAÇÃO DE SERVIÇOS CONFORME NF 470 - JARISE LANGE FLORIANO LTDA ,,,,,,,,,,5003,,,,650.00,,"1,710.00c",,,,,,"31,364.00c",,
03/04/2025,,,,,PRESTAÇÃO DE SERVIÇOS CONFORME NF 471 - TERRAZA SANTA HELENA SPE LTDA ,,,,,,,,,,5010,,,,"1,140.00",,"2,850.00c",,,,,,"32,504.00c",,
03/04/2025,,,,,PRESTAÇÃO DE SERVIÇOS CONFORME NF 472 - TERRAZA EMPREENDIMENTOS LTDA ,,,,,,,,,,5009,,,,760.00,,"3,610.00c",,,,,,"33,264.00c",,
03/04/2025,,,,,PRESTAÇÃO DE SERVIÇOS CONFORME NF 473 - COLINEAR CONTABILIDADE E FINANCAS LTDA ,,,,,,,,,,5012,,,,780.00,,"4,390.00c",,,,,,"34,044.00c",,
03/04/2025,,,,,PRESTAÇÃO DE SERVIÇOS CONFORME NF 474 - AESTRA GESTAO E NEGOCIOS LTDA ,,,,,,,,,,5017,,,,340.00,,"4,730.00c",,,,,,"34,384.00c",,
03/04/2025,,,,,PRESTAÇÃO DE SERVIÇOS CONFORME NF 475 - NION ACESSORIA ,,,,,,,,,,5018,,,,340.00,,"5,070.00c",,,,,,"34,724.00c",,
03/04/2025,,,,,PRESTAÇÃO DE SERVIÇOS CONFORME NF 476 - NEW PLAN CONSTRUTORA LTDA ,,,,,,,,,,5021,,,,"1,180.00",,"6,250.00c",,,,,,"35,904.00c",,
03/04/2025,,,,,PRESTAÇÃO DE SERVIÇOS CONFORME NF 477 - AGÊNCIA DE MARKETING ÁUREA LTDA ,,,,,,,,,,5022,,,,192.00,,"6,442.00c",,,,,,"36,096.00c",,
03/04/2025,,,,,PRESTAÇÃO DE SERVIÇOS CONFORME NF 478 - AMMA COMERCIAL LTDA ,,,,,,,,,,5014,,,,815.00,,"7,257.00c",,,,,,"36,911.00c",,
03/04/2025,,,,,PRESTAÇÃO DE SERVIÇOS CONFORME NF 479 - NION ACESSORIA ,,,,,,,,,,5018,,,,195.00,,"7,452.00c",,,,,,"37,106.00c",,
03/04/2025,,,,,PRESTAÇÃO DE SERVIÇOS CONFORME NF 480 - ANA LUIZA GEVAERD ,,,,,,,,,,5025,,,,"1,000.00",,"8,452.00c",,,,,,"38,106.00c",,
08/04/2025,,,,,PRESTAÇÃO DE SERVIÇOS CONFORME NF 481 - VS TRANSPORTES LTDA ,,,,,,,,,,5026,,,,"1,100.00",,"9,552.00c",,,,,,"39,206.00c",,
11/04/2025,,,,,PRESTAÇÃO DE SERVIÇOS CONFORME NF 482 - BEAVER COMUNICACAO LTDA ,,,,,,,,,,5013,,,,835.00,,"10,387.00c",,,,,,"40,041.00c",,
14/04/2025,,,,,PRESTAÇÃO DE SERVIÇOS CONFORME NF 483 - VS TRANSPORTES LTDA ,,,,,,,,,,5026,,,,260.00,,"10,647.00c",,,,,,"40,301.00c",,
02/05/2025,,,,,PRESTAÇÃO DE SERVIÇOS CONFORME NF 484 - LINCE PARTICIPACOES E EMPREENDIMENTOS LTDA ,,,,,,,,,,3001,,,,480.00,,480.00c,,,,,,"40,781.00c",,
02/05/2025,,,,,PRESTAÇÃO DE SERVIÇOS CONFORME NF 485 - ASSOCIAÇÃO SCANGELS ,,,,,,,,,,5002,,,,580.00,,"1,060.00c",,,,,,"41,361.00c",,
02/05/2025,,,,,PRESTAÇÃO DE SERVIÇOS CONFORME NF 486 - JARISE LANGE FLORIANO LTDA ,,,,,,,,,,5003,,,,650.00,,"1,710.00c",,,,,,"42,011.00c",,
02/05/2025,,,,,PRESTAÇÃO DE SERVIÇOS CONFORME NF 487 - TERRAZA SANTA HELENA SPE LTDA ,,,,,,,,,,5010,,,,"1,140.00",,"2,850.00c",,,,,,"43,151.00c",,
02/05/2025,,,,,PRESTAÇÃO DE SERVIÇOS CONFORME NF 488 - TERRAZA EMPREENDIMENTOS LTDA ,,,,,,,,,,5009,,,,760.00,,"3,610.00c",,,,,,"43,911.00c",,
02/05/2025,,,,,PRESTAÇÃO DE SERVIÇOS CONFORME NF 489 - COLINEAR CONTABILIDADE E FINANCAS LTDA ,,,,,,,,,,5012,,,,780.00,,"4,390.00c",,,,,,"44,691.00c",,
02/05/2025,,,,,PRESTAÇÃO DE SERVIÇOS CONFORME NF 490 - AESTRA GESTAO E NEGOCIOS LTDA ,,,,,,,,,,5017,,,,340.00,,"4,730.00c",,,,,,"45,031.00c",,
02/05/2025,,,,,PRESTAÇÃO DE SERVIÇOS CONFORME NF 491 - NION ACESSORIA ,,,,,,,,,,5018,,,,340.00,,"5,070.00c",,,,,,"45,371.00c",,
02/05/2025,,,,,PRESTAÇÃO DE SERVIÇOS CONFORME NF 492 - NEW PLAN CONSTRUTORA LTDA ,,,,,,,,,,5021,,,,"1,180.00",,"6,250.00c",,,,,,"46,551.00c",,
02/05/2025,,,,,PRESTAÇÃO DE SERVIÇOS CONFORME NF 493 - ANA LUIZA GEVAERD ,,,,,,,,,,5025,,,,"1,000.00",,"7,250.00c",,,,,,"47,551.00c",,
02/05/2025,,,,,PRESTAÇÃO DE SERVIÇOS CONFORME NF 494 - BEAVER COMUNICACAO LTDA ,,,,,,,,,,5013,,,,300.00,,"7,550.00c",,,,,,"47,851.00c",,
05/05/2025,,,,,PRESTAÇÃO DE SERVIÇOS CONFORME NF 495 - BEAVER COMUNICACAO LTDA ,,,,,,,,,,5013,,,,"1,260.00",,"8,810.00c",,,,,,"49,111.00c",,
19/05/2025,,,,,PRESTAÇÃO DE SERVIÇOS CONFORME NF 496 - VETTER EMPREENDIMENTOS LTDA ,,,,,,,,,,5019,,,,285.00,,"9,095.00c",,,,,,"49,396.00c",,
02/06/2025,,,,,PRESTAÇÃO DE SERVIÇOS CONFORME NF 497 - LINCE PARTICIPACOES E EMPREENDIMENTOS LTDA ,,,,,,,,,,3001,,,,480.00,,480.00c,,,,,,"49,876.00c",,
02/06/2025,,,,,PRESTAÇÃO DE SERVIÇOS CONFORME NF 498 - ASSOCIAÇÃO SCANGELS ,,,,,,,,,,5002,,,,580.00,,"1,060.00c",,,,,,"50,456.00c",,
02/06/2025,,,,,PRESTAÇÃO DE SERVIÇOS CONFORME NF 499 - JARISE LANGE FLORIANO LTDA ,,,,,,,,,,5003,,,,650.00,,"1,710.00c",,,,,,"51,106.00c",,
02/06/2025,,,,,PRESTAÇÃO DE SERVIÇOS CONFORME NF 500 - TERRAZA SANTA HELENA SPE LTDA ,,,,,,,,,,5010,,,,"1,140.00",,"2,850.00c",,,,,,"52,246.00c",,
02/06/2025,,,,,PRESTAÇÃO DE SERVIÇOS CONFORME NF 501 - TERRAZA EMPREENDIMENTOS LTDA ,,,,,,,,,,5009,,,,760.00,,"3,610.00c",,,,,,"53,006.00c",,
02/06/2025,,,,,PRESTAÇÃO DE SERVIÇOS CONFORME NF 502 - COLINEAR CONTABILIDADE E FINANCAS LTDA ,,,,,,,,,,5012,,,,780.00,,"4,390.00c",,,,,,"53,786.00c",,
02/06/2025,,,,,PRESTAÇÃO DE SERVIÇOS CONFORME NF 503 - AESTRA GESTAO E NEGOCIOS LTDA ,,,,,,,,,,5017,,,,340.00,,"4,730.00c",,,,,,"54,126.00c",,
02/06/2025,,,,,PRESTAÇÃO DE SERVIÇOS CONFORME NF 504 - NION ACESSORIA ,,,,,,,,,,5018,,,,340.00,,"5,070.00c",,,,,,"54,466.00c",,
02/06/2025,,,,,PRESTAÇÃO DE SERVIÇOS CONFORME NF 505 - NEW PLAN CONSTRUTORA LTDA ,,,,,,,,,,5021,,,,"1,180.00",,"6,250.00c",,,,,,"55,646.00c",,
02/06/2025,,,,,PRESTAÇÃO DE SERVIÇOS CONFORME NF 506 - ANA LUIZA GEVAERD ,,,,,,,,,,5025,,,,"1,000.00",,"7,250.00c",,,,,,"56,646.00c",,
02/06/2025,,,,,PRESTAÇÃO DE SERVIÇOS CONFORME NF 507 - BEAVER COMUNICACAO LTDA ,,,,,,,,,,5013,,,,735.00,,"7,985.00c",,,,,,"57,381.00c",,
02/06/2025,,,,,PRESTAÇÃO DE SERVIÇOS CONFORME NF 508 - ELOYSE KONELL GESTÃO E CONSULTORIA ,,,,,,,,,,5027,,,,680.00,,"8,665.00c",,,,,,"58,061.00c",,
02/06/2025,,,,,PRESTAÇÃO DE SERVIÇOS CONFORME NF 509 - AMMA COMERCIAL LTDA ,,,,,,,,,,5014,,,,70.00,,"8,735.00c",,,,,,"58,131.00c",,
02/06/2025,,,,,PRESTAÇÃO DE SERVIÇOS CONFORME NF 510 - VETTER EMPREENDIMENTOS LTDA ,,,,,,,,,,5019,,,,670.00,,"9,405.00c",,,,,,"58,801.00c",,
11/06/2025,,,,,PRESTAÇÃO DE SERVIÇOS CONFORME NF 511 - CMBR MARKETING E COMUNICACAO LTDA ,,,,,,,,,,5028,,,,230.00,,"9,635.00c",,,,,,"59,031.00c",,
03/07/2025,,,,,PRESTAÇÃO DE SERVIÇOS CONFORME NF 512 - LINCE PARTICIPACOES E EMPREENDIMENTOS LTDA ,,,,,,,,,,3001,,,,"2,260.00",,"2,260.00c",,,,,,"61,291.00c",,
03/07/2025,,,,,PRESTAÇÃO DE SERVIÇOS CONFORME NF 513 - ASSOCIAÇÃO SCANGELS ,,,,,,,,,,5002,,,,580.00,,"2,840.00c",,,,,,"61,871.00c",,
03/07/2025,,,,,PRESTAÇÃO DE SERVIÇOS CONFORME NF 514 - JARISE LANGE FLORIANO LTDA ,,,,,,,,,,5003,,,,650.00,,"3,490.00c",,,,,,"62,521.00c",,
03/07/2025,,,,,PRESTAÇÃO DE SERVIÇOS CONFORME NF 515 - TERRAZA SANTA HELENA SPE LTDA ,,,,,,,,,,5010,,,,"1,140.00",,"4,630.00c",,,,,,"63,661.00c",,
03/07/2025,,,,,PRESTAÇÃO DE SERVIÇOS CONFORME NF 516 - TERRAZA EMPREENDIMENTOS LTDA ,,,,,,,,,,5009,,,,760.00,,"5,390.00c",,,,,,"64,421.00c",,
03/07/2025,,,,,PRESTAÇÃO DE SERVIÇOS CONFORME NF 517 - COLINEAR CONTABILIDADE E FINANCAS LTDA ,,,,,,,,,,5012,,,,780.00,,"6,170.00c",,,,,,"65,201.00c",,
03/07/2025,,,,,PRESTAÇÃO DE SERVIÇOS CONFORME NF 518 - AESTRA GESTAO E NEGOCIOS LTDA ,,,,,,,,,,5017,,,,340.00,,"6,510.00c",,,,,,"65,541.00c",,
03/07/2025,,,,,PRESTAÇÃO DE SERVIÇOS CONFORME NF 519 - NION ACESSORIA ,,,,,,,,,,5018,,,,340.00,,"6,850.00c",,,,,,"65,881.00c",,
03/07/2025,,,,,PRESTAÇÃO DE SERVIÇOS CONFORME NF 520 - NEW PLAN CONSTRUTORA LTDA ,,,,,,,,,,5021,,,,"1,180.00",,"8,030.00c",,,,,,"67,061.00c",,
03/07/2025,,,,,PRESTAÇÃO DE SERVIÇOS CONFORME NF 521 - ANA LUIZA GEVAERD ,,,,,,,,,,5025,,,,"1,000.00",,"9,030.00c",,,,,,"68,061.00c",,
03/07/2025,,,,,PRESTAÇÃO DE SERVIÇOS CONFORME NF 522 - ELOYSE KONELL GESTÃO E CONSULTORIA ,,,,,,,,,,5027,,,,680.00,,"9,710.00c",,,,,,"68,741.00c",,
03/07/2025,,,,,PRESTAÇÃO DE SERVIÇOS CONFORME NF 523 - NEW PLAN CONSTRUTORA LTDA ,,,,,,,,,,5021,,,,794.00,,"10,504.00c",,,,,,"69,535.00c",,
15/07/2025,,,,,PRESTAÇÃO DE SERVIÇOS CONFORME NF 524 - VETTER EMPREENDIMENTOS LTDA ,,,,,,,,,,5019,,,,450.00,,"10,954.00c",,,,,,"69,985.00c",,
24/07/2025,,,,,PRESTAÇÃO DE SERVIÇOS CONFORME NF 525 - VETTER EMPREENDIMENTOS LTDA ,,,,,,,,,,5019,,,,35.00,,"10,989.00c",,,,,,"70,020.00c",,
Conta:,,480,,,,,-,,4.1.2.03.0008,,,,(-) SIMPLES NACIONAL,,,,,,,,,,,,,,,,
,,,,,SALDO ANTERIOR,,,,,,,,,,,,,,,,,,,,,,0.00,,
31/01/2025,,,,,VALOR A RECOLHER SIMPLES 01/2025 ,,,,,,,,,,479,,507.60,,,,507.60d,,,,,,507.60d,,
28/02/2025,,,,,VALOR A RECOLHER SIMPLES 02/2025 ,,,,,,,,,,479,,553.80,,,,553.80d,,,,,,"1,061.40d",,
31/03/2025,,,,,VALOR A RECOLHER SIMPLES 03/2025 ,,,,,,,,,,479,,717.84,,,,717.84d,,,,,,"1,779.24d",,
30/04/2025,,,,,VALOR A RECOLHER SIMPLES 04/2025 ,,,,,,,,,,479,,638.82,,,,638.82d,,,,,,"2,418.06d",,
31/05/2025,,,,,VALOR A RECOLHER SIMPLES 05/2025 ,,,,,,,,,,479,,545.70,,,,545.70d,,,,,,"2,963.76d",,
30/06/2025,,,,,VALOR A RECOLHER SIMPLES 06/2025 ,,,,,,,,,,479,,578.09,,,,578.09d,,,,,,"3,541.85d",,
31/07/2025,,,,,VALOR A RECOLHER SIMPLES 07/2025 ,,,,,,,,,,479,,659.34,,,,659.34d,,,,,,"4,201.19d",,
Conta:,,433,,,,,-,,4.1.3.01.0002,,,,JUROS,,,,,,,,,,,,,,,,
,,,,,SALDO ANTERIOR,,,,,,,,,,,,,,,,,,,,,,0.00,,
13/02/2025,,,,,REFERENTE A JUROS 447 AESTRA GESTAO E NEGOCIOS LTDA 1-1 ,,,,,,,,,,675,,,,7.25,,7.25c,,,,,,7.25c,,
12/03/2025,,,,,REFERENTE A JUROS 459 AESTRA GESTAO E NEGOCIOS LTDA 1-1 ,,,,,,,,,,675,,,,7.02,,7.02c,,,,,,14.27c,,
13/03/2025,,,,,REFERENTE A JUROS 465 AMMA COMERCIAL LTDA 1-1 ,,,,,,,,,,675,,,,14.39,,21.41c,,,,,,28.66c,,
17/03/2025,,,,,REFERENTE A JUROS 451 PLENUM GESTAO EMPRESARIAL LTDA 1-1 ,,,,,,,,,,675,,,,7.04,,28.45c,,,,,,35.70c,,
17/03/2025,,,,,REFERENTE A JUROS 452 PLENUM GESTAO EMPRESARIAL LTDA 1-1 ,,,,,,,,,,675,,,,4.34,,32.79c,,,,,,40.04c,,
29/04/2025,,,,,REFERENTE A JUROS 478 AMMA COMERCIAL LTDA 1-1 ,,,,,,,,,,675,,,,26.07,,26.07c,,,,,,66.11c,,
,,,,,,,,,,,,,,,,,,,,,,,,,,,,,
Sistema licenciado para COLINEAR CONTABILIDADE E FINANCAS LTDA,,,,,,,,,,,,,,,,,,,,,,,,,,,,,
