Empresa:,,,,,,,PRISCILA RANGEL LTDA,,,,,,,,,,,,,,,,,Folha:,,,,0001,
C.N.P.J.:,,,,,,,46.250.032/0001-46,,,,,,,,,,,,,,,,,,,,,,
Período:,,,,,,,01/01/2025 - 30/11/2025,,,,,,,,,,,,,,,,,,,,,,
,,,,,,,,,,,,,,,,,,,,,,,,,,,,,
RAZÃO,,,,,,,,,,,,,,,,,,,,,,,,,,,,,
,,,,,,,,,,,,,,,,,,,,,,,,,,,,,
Data,,,,,Histórico,,,,,,,,,,Cta.C.Part.,,Débito,,Crédito,,Saldo,,,,,,Saldo-Exercício,,
Conta:,,5,,,,,-,,1.1.1.01.0001,,,,CAIXA,,,,,,,,,,,,,,,,
,,,,,SALDO ANTERIOR,,,,,,,,,,,,,,,,,,,,,,991.13d,,
Conta:,,672,,,,,-,,1.1.1.02.0014,,,,BANCO C6,,,,,,,,,,,,,,,,
,,,,,SALDO ANTERIOR,,,,,,,,,,,,,,,,,,,,,,16.74d,,
03/01/2025,,,,,RECEBIMENTO 27 BONIFIQ DESENVOLVIMENTO E LICENCIAMENTO LTDA 1-1 ,,,,,,,,,,504,,"15,000.00",,,,"15,000.00d",,,,,,"15,016.74d",,
03/01/2025,,,,,PAGAMENTO 2921 COLINEAR CONTABILIDADE E FINANCAS LTDA 1-1 ,,,,,,,,,,5002,,,,293.83,,"14,706.17d",,,,,,"14,722.91d",,
03/01/2025,,,,,PAGAMENTO DE PRÓ-LABORE MÊS 12/2024  ,,,,,,,,,,188,,,,"1,256.68",,"13,449.49d",,,,,,"13,466.23d",,
03/01/2025,,,,,DISTRIBUIÇÃO DE LUCROS À PRISCILA APARECIDA RANGEL,,,,,,,,,,658,,,,"12,400.00",,"1,049.49d",,,,,,"1,066.23d",,
08/01/2025,,,,,PAGAMENTO DE INSS MÊS 12/2024 ,,,,,,,,,,191,,,,155.32,,894.17d,,,,,,910.91d,,
14/01/2025,,,,,PAGAMENTO SIMPLES 12/2024 ,,,,,,,,,,479,,,,900.00,,5.83c,,,,,,10.91d,,
05/02/2025,,,,,RECEBIMENTO 28 BONIFIQ DESENVOLVIMENTO E LICENCIAMENTO LTDA 1-1 ,,,,,,,,,,504,,"15,000.00",,,,"15,000.00d",,,,,,"15,010.91d",,
05/02/2025,,,,,PAGAMENTO 3221 COLINEAR CONTABILIDADE E FINANCAS LTDA 1-1 ,,,,,,,,,,5002,,,,293.83,,"14,706.17d",,,,,,"14,717.08d",,
05/02/2025,,,,,PAGAMENTO DE PRÓ-LABORE MÊS 01/2025  ,,,,,,,,,,188,,,,"1,256.68",,"13,449.49d",,,,,,"13,460.40d",,
05/02/2025,,,,,DISTRIBUIÇÃO DE LUCROS À PRISCILA APARECIDA RANGEL,,,,,,,,,,658,,,,"12,200.00",,"1,249.49d",,,,,,"1,260.40d",,
11/02/2025,,,,,PAGAMENTO DE PRÓ-LABORE MÊS 01/2025  ,,,,,,,,,,188,,,,94.34,,"1,155.15d",,,,,,"1,166.06d",,
11/02/2025,,,,,PAGAMENTO DE INSS MÊS 01/2025 ,,,,,,,,,,191,,,,166.98,,988.17d,,,,,,999.08d,,
14/02/2025,,,,,PAGAMENTO SIMPLES 01/2025 ,,,,,,,,,,479,,,,900.00,,88.17d,,,,,,99.08d,,
05/03/2025,,,,,RECEBIMENTO 29 BONIFIQ DESENVOLVIMENTO E LICENCIAMENTO LTDA 1-1 ,,,,,,,,,,504,,"15,000.00",,,,"15,000.00d",,,,,,"15,099.08d",,
05/03/2025,,,,,PAGAMENTO 3529 COLINEAR CONTABILIDADE E FINANCAS LTDA 1-1 ,,,,,,,,,,5002,,,,293.83,,"14,706.17d",,,,,,"14,805.25d",,
05/03/2025,,,,,PAGAMENTO DE PRÓ-LABORE MÊS 02/2025  ,,,,,,,,,,188,,,,"1,351.02",,"13,355.15d",,,,,,"13,454.23d",,
05/03/2025,,,,,DISTRIBUIÇÃO DE LUCROS À PRISCILA APARECIDA RANGEL,,,,,,,,,,658,,,,"2,970.00",,"10,385.15d",,,,,,"10,484.23d",,
05/03/2025,,,,,DISTRIBUIÇÃO DE LUCROS À PRISCILA APARECIDA RANGEL,,,,,,,,,,658,,,,"9,000.00",,"1,385.15d",,,,,,"1,484.23d",,
11/03/2025,,,,,PAGAMENTO SIMPLES 02/2025 ,,,,,,,,,,479,,,,900.00,,485.15d,,,,,,584.23d,,
14/03/2025,,,,,PAGAMENTO DE INSS MÊS 02/2025 ,,,,,,,,,,191,,,,166.98,,318.17d,,,,,,417.25d,,
18/03/2025,,,,,DISTRIBUIÇÃO DE LUCROS À PRISCILA APARECIDA RANGEL,,,,,,,,,,658,,,,350.00,,31.83c,,,,,,67.25d,,
04/04/2025,,,,,RECEBIMENTO 30 BONIFIQ DESENVOLVIMENTO E LICENCIAMENTO LTDA 1-1 ,,,,,,,,,,504,,"15,000.00",,,,"15,000.00d",,,,,,"15,067.25d",,
04/04/2025,,,,,PAGAMENTO 3859 COLINEAR CONTABILIDADE E FINANCAS LTDA 1-1 ,,,,,,,,,,5002,,,,293.83,,"14,706.17d",,,,,,"14,773.42d",,
04/04/2025,,,,,DISTRIBUIÇÃO DE LUCROS À PRISCILA APARECIDA RANGEL,,,,,,,,,,658,,,,"12,000.00",,"2,706.17d",,,,,,"2,773.42d",,
07/04/2025,,,,,PAGAMENTO DE PRÓ-LABORE MÊS 03/2025  ,,,,,,,,,,188,,,,"1,351.02",,"1,355.15d",,,,,,"1,422.40d",,
09/04/2025,,,,,RECEBIMENTO BONIFIQ DESENVOLVIMENTO,,,,,,,,,,554,,484.33,,,,"1,839.48d",,,,,,"1,906.73d",,
09/04/2025,,,,,PAGAMENTO DE ALVARÁ,,,,,,,,,,621,,,,212.47,,"1,627.01d",,,,,,"1,694.26d",,
10/04/2025,,,,,DISTRIBUIÇÃO DE LUCROS À PRISCILA APARECIDA RANGEL,,,,,,,,,,658,,,,500.00,,"1,127.01d",,,,,,"1,194.26d",,
14/04/2025,,,,,PAGAMENTO DE INSS MÊS 03/2025 ,,,,,,,,,,191,,,,166.98,,960.03d,,,,,,"1,027.28d",,
15/04/2025,,,,,PAGAMENTO SIMPLES 03/2025 ,,,,,,,,,,479,,,,900.00,,60.03d,,,,,,127.28d,,
15/04/2025,,,,,DISTRIBUIÇÃO DE LUCROS À PRISCILA APARECIDA RANGEL,,,,,,,,,,658,,,,100.00,,39.97c,,,,,,27.28d,,
30/04/2025,,,,,RECEBIMENTO BONIFIQ DESENVOLVIMENTO,,,,,,,,,,554,,"1,914.20",,,,"1,874.23d",,,,,,"1,941.48d",,
30/04/2025,,,,,DISTRIBUIÇÃO DE LUCROS À PRISCILA APARECIDA RANGEL,,,,,,,,,,658,,,,"1,940.00",,65.77c,,,,,,1.48d,,
05/05/2025,,,,,RECEBIMENTO 31 BONIFIQ DESENVOLVIMENTO E LICENCIAMENTO LTDA 1-1 ,,,,,,,,,,504,,"15,000.00",,,,"15,000.00d",,,,,,"15,001.48d",,
05/05/2025,,,,,PAGAMENTO 4219 COLINEAR CONTABILIDADE E FINANCAS LTDA 1-1 ,,,,,,,,,,5002,,,,293.83,,"14,706.17d",,,,,,"14,707.65d",,
05/05/2025,,,,,DISTRIBUIÇÃO DE LUCROS À PRISCILA APARECIDA RANGEL,,,,,,,,,,658,,,,"12,000.00",,"2,706.17d",,,,,,"2,707.65d",,
08/05/2025,,,,,PAGAMENTO DE PRÓ-LABORE MÊS 04/2025  ,,,,,,,,,,188,,,,"1,351.02",,"1,355.15d",,,,,,"1,356.63d",,
12/05/2025,,,,,PAGAMENTO DE INSS MÊS 04/2025 ,,,,,,,,,,191,,,,166.98,,"1,188.17d",,,,,,"1,189.65d",,
14/05/2025,,,,,PAGAMENTO SIMPLES 04/2025 ,,,,,,,,,,479,,,,900.00,,288.17d,,,,,,289.65d,,
14/05/2025,,,,,DISTRIBUIÇÃO DE LUCROS À PRISCILA APARECIDA RANGEL,,,,,,,,,,658,,,,280.00,,8.17d,,,,,,9.65d,,
02/06/2025,,,,,RECEBIMENTO BONIFIQ DESENVOLVIMENTO,,,,,,,,,,554,,"2,530.87",,,,"2,530.87d",,,,,,"2,540.52d",,
02/06/2025,,,,,DISTRIBUIÇÃO DE LUCROS À PRISCILA APARECIDA RANGEL,,,,,,,,,,658,,,,"2,540.00",,9.13c,,,,,,0.52d,,
05/06/2025,,,,,RECEBIMENTO 32 BONIFIQ DESENVOLVIMENTO E LICENCIAMENTO LTDA 1-1 ,,,,,,,,,,504,,"15,000.00",,,,"14,990.87d",,,,,,"15,000.52d",,
05/06/2025,,,,,PAGAMENTO 4620 COLINEAR CONTABILIDADE E FINANCAS LTDA 1-1 ,,,,,,,,,,5002,,,,293.83,,"14,697.04d",,,,,,"14,706.69d",,
05/06/2025,,,,,PAGAMENTO DE PRÓ-LABORE MÊS 05/2025  ,,,,,,,,,,188,,,,"1,351.02",,"13,346.02d",,,,,,"13,355.67d",,
05/06/2025,,,,,DISTRIBUIÇÃO DE LUCROS À PRISCILA APARECIDA RANGEL,,,,,,,,,,658,,,,"12,280.00",,"1,066.02d",,,,,,"1,075.67d",,
11/06/2025,,,,,PAGAMENTO SIMPLES 05/2025 ,,,,,,,,,,479,,,,900.00,,166.02d,,,,,,175.67d,,
13/06/2025,,,,,PAGAMENTO DE INSS MÊS 05/2025 ,,,,,,,,,,191,,,,166.98,,0.96c,,,,,,8.69d,,
04/07/2025,,,,,RECEBIMENTO 33 BONIFIQ DESENVOLVIMENTO E LICENCIAMENTO LTDA 1-1 ,,,,,,,,,,504,,"15,000.00",,,,"15,000.00d",,,,,,"15,008.69d",,
06/07/2025,,,,,PAGAMENTO 5004 COLINEAR CONTABILIDADE E FINANCAS LTDA 1-1 ,,,,,,,,,,5002,,,,293.83,,"14,706.17d",,,,,,"14,714.86d",,
07/07/2025,,,,,PAGAMENTO DE PRÓ-LABORE MÊS 06/2025  ,,,,,,,,,,188,,,,"1,351.02",,"13,355.15d",,,,,,"13,363.84d",,
07/07/2025,,,,,DISTRIBUIÇÃO DE LUCROS À PRISCILA APARECIDA RANGEL,,,,,,,,,,658,,,,"12,300.00",,"1,055.15d",,,,,,"1,063.84d",,
09/07/2025,,,,,PAGAMENTO SIMPLES 06/2025 ,,,,,,,,,,479,,,,900.00,,155.15d,,,,,,163.84d,,
18/07/2025,,,,,RECEBIMENTO BONIFIQ DESENVOLVIMENTO,,,,,,,,,,554,,712.81,,,,867.96d,,,,,,876.65d,,
18/07/2025,,,,,PAGAMENTO DE INSS MÊS 06/2025 ,,,,,,,,,,191,,,,166.98,,700.98d,,,,,,709.67d,,
18/07/2025,,,,,DISTRIBUIÇÃO DE LUCROS À PRISCILA APARECIDA RANGEL,,,,,,,,,,658,,,,700.00,,0.98d,,,,,,9.67d,,
Conta:,,504,,,,,-,,1.1.2.01.0001,,,,CLIENTES,,,,,,,,,,,,,,,,
,,,,,SALDO ANTERIOR,,,,,,,,,,,,,,,,,,,,,,"15,000.00d",,
03/01/2025,,,,,RECEBIMENTO 27 BONIFIQ DESENVOLVIMENTO E LICENCIAMENTO LTDA 1-1 ,,,,,,,,,,672,,,,"15,000.00",,"15,000.00c",,,,,,0.00,,
20/01/2025,,,,,PRESTAÇÃO DE SERVIÇOS CONFORME NF 28 - BONIFIQ DESENVOLVIMENTO E LICENCIAMENTO LTDA ,,,,,,,,,,411,,"15,000.00",,,,0.00,,,,,,"15,000.00d",,
05/02/2025,,,,,RECEBIMENTO 28 BONIFIQ DESENVOLVIMENTO E LICENCIAMENTO LTDA 1-1 ,,,,,,,,,,672,,,,"15,000.00",,"15,000.00c",,,,,,0.00,,
20/02/2025,,,,,PRESTAÇÃO DE SERVIÇOS CONFORME NF 29 - BONIFIQ DESENVOLVIMENTO E LICENCIAMENTO LTDA ,,,,,,,,,,411,,"15,000.00",,,,0.00,,,,,,"15,000.00d",,
05/03/2025,,,,,RECEBIMENTO 29 BONIFIQ DESENVOLVIMENTO E LICENCIAMENTO LTDA 1-1 ,,,,,,,,,,672,,,,"15,000.00",,"15,000.00c",,,,,,0.00,,
20/03/2025,,,,,PRESTAÇÃO DE SERVIÇOS CONFORME NF 30 - BONIFIQ DESENVOLVIMENTO E LICENCIAMENTO LTDA ,,,,,,,,,,411,,"15,000.00",,,,0.00,,,,,,"15,000.00d",,
04/04/2025,,,,,RECEBIMENTO 30 BONIFIQ DESENVOLVIMENTO E LICENCIAMENTO LTDA 1-1 ,,,,,,,,,,672,,,,"15,000.00",,"15,000.00c",,,,,,0.00,,
17/04/2025,,,,,PRESTAÇÃO DE SERVIÇOS CONFORME NF 31 - BONIFIQ DESENVOLVIMENTO E LICENCIAMENTO LTDA ,,,,,,,,,,411,,"15,000.00",,,,0.00,,,,,,"15,000.00d",,
05/05/2025,,,,,RECEBIMENTO 31 BONIFIQ DESENVOLVIMENTO E LICENCIAMENTO LTDA 1-1 ,,,,,,,,,,672,,,,"15,000.00",,"15,000.00c",,,,,,0.00,,
19/05/2025,,,,,PRESTAÇÃO DE SERVIÇOS CONFORME NF 32 - BONIFIQ DESENVOLVIMENTO E LICENCIAMENTO LTDA ,,,,,,,,,,411,,"15,000.00",,,,0.00,,,,,,"15,000.00d",,
05/06/2025,,,,,RECEBIMENTO 32 BONIFIQ DESENVOLVIMENTO E LICENCIAMENTO LTDA 1-1 ,,,,,,,,,,672,,,,"15,000.00",,"15,000.00c",,,,,,0.00,,
23/06/2025,,,,,PRESTAÇÃO DE SERVIÇOS CONFORME NF 33 - BONIFIQ DESENVOLVIMENTO E LICENCIAMENTO LTDA ,,,,,,,,,,411,,"15,000.00",,,,0.00,,,,,,"15,000.00d",,
04/07/2025,,,,,RECEBIMENTO 33 BONIFIQ DESENVOLVIMENTO E LICENCIAMENTO LTDA 1-1 ,,,,,,,,,,672,,,,"15,000.00",,"15,000.00c",,,,,,0.00,,
25/07/2025,,,,,PRESTAÇÃO DE SERVIÇOS CONFORME NF 35 - BONIFIQ DESENVOLVIMENTO E LICENCIAMENTO LTDA ,,,,,,,,,,411,,"16,000.00",,,,"1,000.00d",,,,,,"16,000.00d",,
20/08/2025,,,,,PRESTAÇÃO DE SERVIÇOS CONFORME NF 36 - BONIFIQ DESENVOLVIMENTO E LICENCIAMENTO LTDA ,,,,,,,,,,411,,"16,000.00",,,,"16,000.00d",,,,,,"32,000.00d",,
18/09/2025,,,,,PRESTAÇÃO DE SERVIÇOS CONFORME NF 37 - BONIFIQ DESENVOLVIMENTO E LICENCIAMENTO LTDA ,,,,,,,,,,411,,"16,000.00",,,,"16,000.00d",,,,,,"48,000.00d",,
20/10/2025,,,,,PRESTAÇÃO DE SERVIÇOS CONFORME NF 38 - BONIFIQ DESENVOLVIMENTO E LICENCIAMENTO LTDA ,,,,,,,,,,411,,"16,000.00",,,,"16,000.00d",,,,,,"64,000.00d",,
17/11/2025,,,,,PRESTAÇÃO DE SERVIÇOS CONFORME NF 39 - BONIFIQ DESENVOLVIMENTO E LICENCIAMENTO LTDA ,,,,,,,,,,411,,"16,000.00",,,,"16,000.00d",,,,,,"80,000.00d",,
Conta:,,5002,,,,,-,,2.1.3.01.0003,,,,COLINEAR CONTABILIDADE E FINANCAS LTDA,,,,,,,,,,,,,,,,
,,,,,SALDO ANTERIOR,,,,,,,,,,,,,,,,,,,,,,293.83c,,
03/01/2025,,,,,PAGAMENTO 2921 COLINEAR CONTABILIDADE E FINANCAS LTDA 1-1 ,,,,,,,,,,672,,293.83,,,,293.83d,,,,,,0.00,,
28/01/2025,,,,,SERVIÇO TOMADO CONFORME NF 3221 - COLINEAR CONTABILIDADE E FINANCAS LTDA ,,,,,,,,,,361,,,,293.83,,0.00,,,,,,293.83c,,
05/02/2025,,,,,PAGAMENTO 3221 COLINEAR CONTABILIDADE E FINANCAS LTDA 1-1 ,,,,,,,,,,672,,293.83,,,,293.83d,,,,,,0.00,,
25/02/2025,,,,,SERVIÇO TOMADO CONFORME NF 3529 - COLINEAR CONTABILIDADE E FINANCAS LTDA ,,,,,,,,,,361,,,,293.83,,0.00,,,,,,293.83c,,
05/03/2025,,,,,PAGAMENTO 3529 COLINEAR CONTABILIDADE E FINANCAS LTDA 1-1 ,,,,,,,,,,672,,293.83,,,,293.83d,,,,,,0.00,,
25/03/2025,,,,,SERVIÇO TOMADO CONFORME NF 3859 - COLINEAR CONTABILIDADE E FINANCAS LTDA ,,,,,,,,,,361,,,,293.83,,0.00,,,,,,293.83c,,
04/04/2025,,,,,PAGAMENTO 3859 COLINEAR CONTABILIDADE E FINANCAS LTDA 1-1 ,,,,,,,,,,672,,293.83,,,,293.83d,,,,,,0.00,,
15/04/2025,,,,,SERVIÇO TOMADO CONFORME NF 4219 - COLINEAR CONTABILIDADE E FINANCAS LTDA ,,,,,,,,,,361,,,,293.83,,0.00,,,,,,293.83c,,
05/05/2025,,,,,PAGAMENTO 4219 COLINEAR CONTABILIDADE E FINANCAS LTDA 1-1 ,,,,,,,,,,672,,293.83,,,,293.83d,,,,,,0.00,,
28/05/2025,,,,,SERVIÇO TOMADO CONFORME NF 4620 - COLINEAR CONTABILIDADE E FINANCAS LTDA ,,,,,,,,,,361,,,,293.83,,0.00,,,,,,293.83c,,
05/06/2025,,,,,PAGAMENTO 4620 COLINEAR CONTABILIDADE E FINANCAS LTDA 1-1 ,,,,,,,,,,672,,293.83,,,,293.83d,,,,,,0.00,,
27/06/2025,,,,,SERVIÇO TOMADO CONFORME NF 5004 - COLINEAR CONTABILIDADE E FINANCAS LTDA ,,,,,,,,,,361,,,,293.83,,0.00,,,,,,293.83c,,
06/07/2025,,,,,PAGAMENTO 5004 COLINEAR CONTABILIDADE E FINANCAS LTDA 1-1 ,,,,,,,,,,672,,293.83,,,,293.83d,,,,,,0.00,,
23/07/2025,,,,,SERVIÇO TOMADO CONFORME NF 5441 - COLINEAR CONTABILIDADE E FINANCAS LTDA ,,,,,,,,,,361,,,,293.83,,0.00,,,,,,293.83c,,
Conta:,,479,,,,,-,,2.1.4.01.0015,,,,SIMPLES NACIONAL A RECOLHER,,,,,,,,,,,,,,,,
,,,,,SALDO ANTERIOR,,,,,,,,,,,,,,,,,,,,,,900.00c,,
14/01/2025,,,,,PAGAMENTO SIMPLES 12/2024 ,,,,,,,,,,672,,900.00,,,,900.00d,,,,,,0.00,,
31/01/2025,,,,,VALOR A RECOLHER SIMPLES 01/2025 ,,,,,,,,,,480,,,,900.00,,0.00,,,,,,900.00c,,
14/02/2025,,,,,PAGAMENTO SIMPLES 01/2025 ,,,,,,,,,,672,,900.00,,,,900.00d,,,,,,0.00,,
28/02/2025,,,,,VALOR A RECOLHER SIMPLES 02/2025 ,,,,,,,,,,480,,,,900.00,,0.00,,,,,,900.00c,,
11/03/2025,,,,,PAGAMENTO SIMPLES 02/2025 ,,,,,,,,,,672,,900.00,,,,900.00d,,,,,,0.00,,
31/03/2025,,,,,VALOR A RECOLHER SIMPLES 03/2025 ,,,,,,,,,,480,,,,900.00,,0.00,,,,,,900.00c,,
15/04/2025,,,,,PAGAMENTO SIMPLES 03/2025 ,,,,,,,,,,672,,900.00,,,,900.00d,,,,,,0.00,,
30/04/2025,,,,,VALOR A RECOLHER SIMPLES 04/2025 ,,,,,,,,,,480,,,,900.00,,0.00,,,,,,900.00c,,
14/05/2025,,,,,PAGAMENTO SIMPLES 04/2025 ,,,,,,,,,,672,,900.00,,,,900.00d,,,,,,0.00,,
31/05/2025,,,,,VALOR A RECOLHER SIMPLES 05/2025 ,,,,,,,,,,480,,,,900.00,,0.00,,,,,,900.00c,,
11/06/2025,,,,,PAGAMENTO SIMPLES 05/2025 ,,,,,,,,,,672,,900.00,,,,900.00d,,,,,,0.00,,
30/06/2025,,,,,VALOR A RECOLHER SIMPLES 06/2025 ,,,,,,,,,,480,,,,900.00,,0.00,,,,,,900.00c,,
09/07/2025,,,,,PAGAMENTO SIMPLES 06/2025 ,,,,,,,,,,672,,900.00,,,,900.00d,,,,,,0.00,,
31/07/2025,,,,,VALOR A RECOLHER SIMPLES 07/2025 ,,,,,,,,,,480,,,,960.00,,60.00c,,,,,,960.00c,,
31/08/2025,,,,,VALOR A RECOLHER SIMPLES 08/2025 ,,,,,,,,,,480,,,,964.59,,964.59c,,,,,,"1,924.59c",,
30/09/2025,,,,,VALOR A RECOLHER SIMPLES 09/2025 ,,,,,,,,,,480,,,,969.15,,969.15c,,,,,,"2,893.74c",,
31/10/2025,,,,,VALOR A RECOLHER SIMPLES 10/2025 ,,,,,,,,,,480,,,,973.65,,973.65c,,,,,,"3,867.39c",,
30/11/2025,,,,,VALOR A RECOLHER SIMPLES 11/2025 ,,,,,,,,,,480,,,,978.08,,978.08c,,,,,,"4,845.47c",,
Conta:,,188,,,,,-,,2.1.5.01.0002,,,,PRÓ-LABORE A PAGAR,,,,,,,,,,,,,,,,
,,,,,SALDO ANTERIOR,,,,,,,,,,,,,,,,,,,,,,"1,256.68c",,
03/01/2025,,,,,PAGAMENTO DE PRÓ-LABORE MÊS 12/2024  ,,,,,,,,,,672,,"1,256.68",,,,"1,256.68d",,,,,,0.00,,
31/01/2025,,,,,REFERENTE A PRÓ-LABORE DO MÊS 01/2025 ,,,,,,,,,,332,,,,"1,518.00",,261.32c,,,,,,"1,518.00c",,
31/01/2025,,,,,INSS A RECOLHER DO MÊS 01/2025 ,,,,,,,,,,191,,166.98,,,,94.34c,,,,,,"1,351.02c",,
05/02/2025,,,,,PAGAMENTO DE PRÓ-LABORE MÊS 01/2025  ,,,,,,,,,,672,,"1,256.68",,,,"1,256.68d",,,,,,94.34c,,
11/02/2025,,,,,PAGAMENTO DE PRÓ-LABORE MÊS 01/2025  ,,,,,,,,,,672,,94.34,,,,"1,351.02d",,,,,,0.00,,
28/02/2025,,,,,REFERENTE A PRÓ-LABORE DO MÊS 02/2025 ,,,,,,,,,,332,,,,"1,518.00",,166.98c,,,,,,"1,518.00c",,
28/02/2025,,,,,INSS A RECOLHER DO MÊS 02/2025 ,,,,,,,,,,191,,166.98,,,,0.00,,,,,,"1,351.02c",,
05/03/2025,,,,,PAGAMENTO DE PRÓ-LABORE MÊS 02/2025  ,,,,,,,,,,672,,"1,351.02",,,,"1,351.02d",,,,,,0.00,,
31/03/2025,,,,,REFERENTE A PRÓ-LABORE DO MÊS 03/2025 ,,,,,,,,,,332,,,,"1,518.00",,166.98c,,,,,,"1,518.00c",,
31/03/2025,,,,,INSS A RECOLHER DO MÊS 03/2025 ,,,,,,,,,,191,,166.98,,,,0.00,,,,,,"1,351.02c",,
07/04/2025,,,,,PAGAMENTO DE PRÓ-LABORE MÊS 03/2025  ,,,,,,,,,,672,,"1,351.02",,,,"1,351.02d",,,,,,0.00,,
30/04/2025,,,,,REFERENTE A PRÓ-LABORE DO MÊS 04/2025 ,,,,,,,,,,332,,,,"1,518.00",,166.98c,,,,,,"1,518.00c",,
30/04/2025,,,,,INSS A RECOLHER DO MÊS 04/2025 ,,,,,,,,,,191,,166.98,,,,0.00,,,,,,"1,351.02c",,
08/05/2025,,,,,PAGAMENTO DE PRÓ-LABORE MÊS 04/2025  ,,,,,,,,,,672,,"1,351.02",,,,"1,351.02d",,,,,,0.00,,
30/05/2025,,,,,REFERENTE A PRÓ-LABORE DO MÊS 05/2025 ,,,,,,,,,,332,,,,"1,518.00",,166.98c,,,,,,"1,518.00c",,
30/05/2025,,,,,INSS A RECOLHER DO MÊS 05/2025 ,,,,,,,,,,191,,166.98,,,,0.00,,,,,,"1,351.02c",,
05/06/2025,,,,,PAGAMENTO DE PRÓ-LABORE MÊS 05/2025  ,,,,,,,,,,672,,"1,351.02",,,,"1,351.02d",,,,,,0.00,,
30/06/2025,,,,,REFERENTE A PRÓ-LABORE DO MÊS 06/2025 ,,,,,,,,,,332,,,,"1,518.00",,166.98c,,,,,,"1,518.00c",,
30/06/2025,,,,,INSS A RECOLHER DO MÊS 06/2025 ,,,,,,,,,,191,,166.98,,,,0.00,,,,,,"1,351.02c",,
07/07/2025,,,,,PAGAMENTO DE PRÓ-LABORE MÊS 06/2025  ,,,,,,,,,,672,,"1,351.02",,,,"1,351.02d",,,,,,0.00,,
31/07/2025,,,,,REFERENTE A PRÓ-LABORE DO MÊS 07/2025 ,,,,,,,,,,332,,,,"1,518.00",,166.98c,,,,,,"1,518.00c",,
31/07/2025,,,,,INSS A RECOLHER DO MÊS 07/2025 ,,,,,,,,,,191,,166.98,,,,0.00,,,,,,"1,351.02c",,
Conta:,,191,,,,,-,,2.1.5.02.0001,,,,INSS A RECOLHER,,,,,,,,,,,,,,,,
,,,,,SALDO ANTERIOR,,,,,,,,,,,,,,,,,,,,,,155.32c,,
08/01/2025,,,,,PAGAMENTO DE INSS MÊS 12/2024 ,,,,,,,,,,672,,155.32,,,,155.32d,,,,,,0.00,,
31/01/2025,,,,,INSS A RECOLHER DO MÊS 01/2025 ,,,,,,,,,,188,,,,166.98,,11.66c,,,,,,166.98c,,
11/02/2025,,,,,PAGAMENTO DE INSS MÊS 01/2025 ,,,,,,,,,,672,,166.98,,,,166.98d,,,,,,0.00,,
28/02/2025,,,,,INSS A RECOLHER DO MÊS 02/2025 ,,,,,,,,,,188,,,,166.98,,0.00,,,,,,166.98c,,
14/03/2025,,,,,PAGAMENTO DE INSS MÊS 02/2025 ,,,,,,,,,,672,,166.98,,,,166.98d,,,,,,0.00,,
31/03/2025,,,,,INSS A RECOLHER DO MÊS 03/2025 ,,,,,,,,,,188,,,,166.98,,0.00,,,,,,166.98c,,
14/04/2025,,,,,PAGAMENTO DE INSS MÊS 03/2025 ,,,,,,,,,,672,,166.98,,,,166.98d,,,,,,0.00,,
30/04/2025,,,,,INSS A RECOLHER DO MÊS 04/2025 ,,,,,,,,,,188,,,,166.98,,0.00,,,,,,166.98c,,
12/05/2025,,,,,PAGAMENTO DE INSS MÊS 04/2025 ,,,,,,,,,,672,,166.98,,,,166.98d,,,,,,0.00,,
30/05/2025,,,,,INSS A RECOLHER DO MÊS 05/2025 ,,,,,,,,,,188,,,,166.98,,0.00,,,,,,166.98c,,
13/06/2025,,,,,PAGAMENTO DE INSS MÊS 05/2025 ,,,,,,,,,,672,,166.98,,,,166.98d,,,,,,0.00,,
30/06/2025,,,,,INSS A RECOLHER DO MÊS 06/2025 ,,,,,,,,,,188,,,,166.98,,0.00,,,,,,166.98c,,
18/07/2025,,,,,PAGAMENTO DE INSS MÊS 06/2025 ,,,,,,,,,,672,,166.98,,,,166.98d,,,,,,0.00,,
31/07/2025,,,,,INSS A RECOLHER DO MÊS 07/2025 ,,,,,,,,,,188,,,,166.98,,0.00,,,,,,166.98c,,
Conta:,,554,,,,,-,,2.1.6.01.0001,,,,ADIANTAMENTO DE CLIENTES,,,,,,,,,,,,,,,,
,,,,,SALDO ANTERIOR,,,,,,,,,,,,,,,,,,,,,,658.15c,,
09/04/2025,,,,,RECEBIMENTO BONIFIQ DESENVOLVIMENTO,,,,,,,,,,672,,,,484.33,,484.33c,,,,,,"1,142.48c",,
30/04/2025,,,,,RECEBIMENTO BONIFIQ DESENVOLVIMENTO,,,,,,,,,,672,,,,"1,914.20",,"2,398.53c",,,,,,"3,056.68c",,
02/06/2025,,,,,RECEBIMENTO BONIFIQ DESENVOLVIMENTO,,,,,,,,,,672,,,,"2,530.87",,"2,530.87c",,,,,,"5,587.55c",,
18/07/2025,,,,,RECEBIMENTO BONIFIQ DESENVOLVIMENTO,,,,,,,,,,672,,,,712.81,,712.81c,,,,,,"6,300.36c",,
Conta:,,610,,,,,-,,2.1.6.06.0001,,,,CONTAS A PAGAR,,,,,,,,,,,,,,,,
,,,,,SALDO ANTERIOR,,,,,,,,,,,,,,,,,,,,,,0.00,,
22/08/2025,,,,,SERVIÇO TOMADO CONFORME NF 5882 - COLINEAR CONTABILIDADE E FINANCAS LTDA ,,,,,,,,,,325,,,,293.83,,293.83c,,,,,,293.83c,,
26/09/2025,,,,,SERVIÇO TOMADO CONFORME NF 6434 - COLINEAR CONTABILIDADE E FINANCAS LTDA ,,,,,,,,,,325,,,,293.83,,293.83c,,,,,,587.66c,,
30/10/2025,,,,,SERVIÇO TOMADO CONFORME NF 6914 - COLINEAR CONTABILIDADE E FINANCAS LTDA ,,,,,,,,,,325,,,,293.83,,293.83c,,,,,,881.49c,,
26/11/2025,,,,,SERVIÇO TOMADO CONFORME NF 7411 - COLINEAR CONTABILIDADE E FINANCAS LTDA ,,,,,,,,,,325,,,,293.83,,293.83c,,,,,,"1,175.32c",,
Conta:,,245,,,,,-,,2.3.1.01.0001,,,,CAPITAL SOCIAL,,,,,,,,,,,,,,,,
,,,,,SALDO ANTERIOR,,,,,,,,,,,,,,,,,,,,,,"1,000.00c",,
Conta:,,266,,,,,-,,2.3.5.01.0001,,,,LUCROS ACUMULADOS,,,,,,,,,,,,,,,,
,,,,,SALDO ANTERIOR,,,,,,,,,,,,,,,,,,,,,,"9,744.36c",,
01/01/2025,,,,,TRANSFERÊNCIA DE SALDO ,,,,,,,,,,518,,,,"1,999.53",,"1,999.53c",,,,,,"11,743.89c",,
Conta:,,518,,,,,-,,2.3.5.01.0004,,,,LUCRO DO PERIODO,,,,,,,,,,,,,,,,
,,,,,SALDO ANTERIOR,,,,,,,,,,,,,,,,,,,,,,"1,999.53c",,
01/01/2025,,,,,TRANSFERÊNCIA DE SALDO ,,,,,,,,,,266,,"1,999.53",,,,"1,999.53d",,,,,,0.00,,
Conta:,,658,,,,,-,,2.3.6.01.0001,,,,(-) RESERVA PARA DISTRIBUIÇÃO DE LUCROS,,,,,,,,,,,,,,,,
,,,,,SALDO ANTERIOR,,,,,,,,,,,,,,,,,,,,,,0.00,,
03/01/2025,,,,,DISTRIBUIÇÃO DE LUCROS À PRISCILA APARECIDA RANGEL,,,,,,,,,,672,,"12,400.00",,,,"12,400.00d",,,,,,"12,400.00d",,
05/02/2025,,,,,DISTRIBUIÇÃO DE LUCROS À PRISCILA APARECIDA RANGEL,,,,,,,,,,672,,"12,200.00",,,,"12,200.00d",,,,,,"24,600.00d",,
05/03/2025,,,,,DISTRIBUIÇÃO DE LUCROS À PRISCILA APARECIDA RANGEL,,,,,,,,,,672,,"2,970.00",,,,"2,970.00d",,,,,,"27,570.00d",,
05/03/2025,,,,,DISTRIBUIÇÃO DE LUCROS À PRISCILA APARECIDA RANGEL,,,,,,,,,,672,,"9,000.00",,,,"11,970.00d",,,,,,"36,570.00d",,
18/03/2025,,,,,DISTRIBUIÇÃO DE LUCROS À PRISCILA APARECIDA RANGEL,,,,,,,,,,672,,350.00,,,,"12,320.00d",,,,,,"36,920.00d",,
04/04/2025,,,,,DISTRIBUIÇÃO DE LUCROS À PRISCILA APARECIDA RANGEL,,,,,,,,,,672,,"12,000.00",,,,"12,000.00d",,,,,,"48,920.00d",,
10/04/2025,,,,,DISTRIBUIÇÃO DE LUCROS À PRISCILA APARECIDA RANGEL,,,,,,,,,,672,,500.00,,,,"12,500.00d",,,,,,"49,420.00d",,
15/04/2025,,,,,DISTRIBUIÇÃO DE LUCROS À PRISCILA APARECIDA RANGEL,,,,,,,,,,672,,100.00,,,,"12,600.00d",,,,,,"49,520.00d",,
30/04/2025,,,,,DISTRIBUIÇÃO DE LUCROS À PRISCILA APARECIDA RANGEL,,,,,,,,,,672,,"1,940.00",,,,"14,540.00d",,,,,,"51,460.00d",,
05/05/2025,,,,,DISTRIBUIÇÃO DE LUCROS À PRISCILA APARECIDA RANGEL,,,,,,,,,,672,,"12,000.00",,,,"12,000.00d",,,,,,"63,460.00d",,
14/05/2025,,,,,DISTRIBUIÇÃO DE LUCROS À PRISCILA APARECIDA RANGEL,,,,,,,,,,672,,280.00,,,,"12,280.00d",,,,,,"63,740.00d",,
02/06/2025,,,,,DISTRIBUIÇÃO DE LUCROS À PRISCILA APARECIDA RANGEL,,,,,,,,,,672,,"2,540.00",,,,"2,540.00d",,,,,,"66,280.00d",,
05/06/2025,,,,,DISTRIBUIÇÃO DE LUCROS À PRISCILA APARECIDA RANGEL,,,,,,,,,,672,,"12,280.00",,,,"14,820.00d",,,,,,"78,560.00d",,
07/07/2025,,,,,DISTRIBUIÇÃO DE LUCROS À PRISCILA APARECIDA RANGEL,,,,,,,,,,672,,"12,300.00",,,,"12,300.00d",,,,,,"90,860.00d",,
18/07/2025,,,,,DISTRIBUIÇÃO DE LUCROS À PRISCILA APARECIDA RANGEL,,,,,,,,,,672,,700.00,,,,"13,000.00d",,,,,,"91,560.00d",,
Conta:,,325,,,,,-,,3.2.1.06.0006,,,,SERVIÇOS PRESTADOS POR TERCEIROS,,,,,,,,,,,,,,,,
,,,,,SALDO ANTERIOR,,,,,,,,,,,,,,,,,,,,,,0.00,,
22/08/2025,,,,,SERVIÇO TOMADO CONFORME NF 5882 - COLINEAR CONTABILIDADE E FINANCAS LTDA ,,,,,,,,,,610,,293.83,,,,293.83d,,,,,,293.83d,,
26/09/2025,,,,,SERVIÇO TOMADO CONFORME NF 6434 - COLINEAR CONTABILIDADE E FINANCAS LTDA ,,,,,,,,,,610,,293.83,,,,293.83d,,,,,,587.66d,,
30/10/2025,,,,,SERVIÇO TOMADO CONFORME NF 6914 - COLINEAR CONTABILIDADE E FINANCAS LTDA ,,,,,,,,,,610,,293.83,,,,293.83d,,,,,,881.49d,,
26/11/2025,,,,,SERVIÇO TOMADO CONFORME NF 7411 - COLINEAR CONTABILIDADE E FINANCAS LTDA ,,,,,,,,,,610,,293.83,,,,293.83d,,,,,,"1,175.32d",,
Conta:,,332,,,,,-,,3.2.2.01.0002,,,,PRÓ-LABORE,,,,,,,,,,,,,,,,
,,,,,SALDO ANTERIOR,,,,,,,,,,,,,,,,,,,,,,0.00,,
31/01/2025,,,,,REFERENTE A PRÓ-LABORE DO MÊS 01/2025 ,,,,,,,,,,188,,"1,518.00",,,,"1,518.00d",,,,,,"1,518.00d",,
28/02/2025,,,,,REFERENTE A PRÓ-LABORE DO MÊS 02/2025 ,,,,,,,,,,188,,"1,518.00",,,,"1,518.00d",,,,,,"3,036.00d",,
31/03/2025,,,,,REFERENTE A PRÓ-LABORE DO MÊS 03/2025 ,,,,,,,,,,188,,"1,518.00",,,,"1,518.00d",,,,,,"4,554.00d",,
30/04/2025,,,,,REFERENTE A PRÓ-LABORE DO MÊS 04/2025 ,,,,,,,,,,188,,"1,518.00",,,,"1,518.00d",,,,,,"6,072.00d",,
30/05/2025,,,,,REFERENTE A PRÓ-LABORE DO MÊS 05/2025 ,,,,,,,,,,188,,"1,518.00",,,,"1,518.00d",,,,,,"7,590.00d",,
30/06/2025,,,,,REFERENTE A PRÓ-LABORE DO MÊS 06/2025 ,,,,,,,,,,188,,"1,518.00",,,,"1,518.00d",,,,,,"9,108.00d",,
31/07/2025,,,,,REFERENTE A PRÓ-LABORE DO MÊS 07/2025 ,,,,,,,,,,188,,"1,518.00",,,,"1,518.00d",,,,,,"10,626.00d",,
Conta:,,621,,,,,-,,3.2.2.03.0010,,,,ALVARÁS,,,,,,,,,,,,,,,,
,,,,,SALDO ANTERIOR,,,,,,,,,,,,,,,,,,,,,,0.00,,
09/04/2025,,,,,PAGAMENTO DE ALVARÁ,,,,,,,,,,672,,212.47,,,,212.47d,,,,,,212.47d,,
Conta:,,361,,,,,-,,3.2.2.04.0008,,,,ASSESSORIA CONTÁBIL,,,,,,,,,,,,,,,,
,,,,,SALDO ANTERIOR,,,,,,,,,,,,,,,,,,,,,,0.00,,
28/01/2025,,,,,SERVIÇO TOMADO CONFORME NF 3221 - COLINEAR CONTABILIDADE E FINANCAS LTDA ,,,,,,,,,,5002,,293.83,,,,293.83d,,,,,,293.83d,,
25/02/2025,,,,,SERVIÇO TOMADO CONFORME NF 3529 - COLINEAR CONTABILIDADE E FINANCAS LTDA ,,,,,,,,,,5002,,293.83,,,,293.83d,,,,,,587.66d,,
25/03/2025,,,,,SERVIÇO TOMADO CONFORME NF 3859 - COLINEAR CONTABILIDADE E FINANCAS LTDA ,,,,,,,,,,5002,,293.83,,,,293.83d,,,,,,881.49d,,
15/04/2025,,,,,SERVIÇO TOMADO CONFORME NF 4219 - COLINEAR CONTABILIDADE E FINANCAS LTDA ,,,,,,,,,,5002,,293.83,,,,293.83d,,,,,,"1,175.32d",,
28/05/2025,,,,,SERVIÇO TOMADO CONFORME NF 4620 - COLINEAR CONTABILIDADE E FINANCAS LTDA ,,,,,,,,,,5002,,293.83,,,,293.83d,,,,,,"1,469.15d",,
27/06/2025,,,,,SERVIÇO TOMADO CONFORME NF 5004 - COLINEAR CONTABILIDADE E FINANCAS LTDA ,,,,,,,,,,5002,,293.83,,,,293.83d,,,,,,"1,762.98d",,
23/07/2025,,,,,SERVIÇO TOMADO CONFORME NF 5441 - COLINEAR CONTABILIDADE E FINANCAS LTDA ,,,,,,,,,,5002,,293.83,,,,293.83d,,,,,,"2,056.81d",,
Conta:,,411,,,,,-,,4.1.1.02.0001,,,,SERVIÇOS PRESTADOS,,,,,,,,,,,,,,,,
,,,,,SALDO ANTERIOR,,,,,,,,,,,,,,,,,,,,,,0.00,,
20/01/2025,,,,,PRESTAÇÃO DE SERVIÇOS CONFORME NF 28 - BONIFIQ DESENVOLVIMENTO E LICENCIAMENTO LTDA ,,,,,,,,,,504,,,,"15,000.00",,"15,000.00c",,,,,,"15,000.00c",,
20/02/2025,,,,,PRESTAÇÃO DE SERVIÇOS CONFORME NF 29 - BONIFIQ DESENVOLVIMENTO E LICENCIAMENTO LTDA ,,,,,,,,,,504,,,,"15,000.00",,"15,000.00c",,,,,,"30,000.00c",,
20/03/2025,,,,,PRESTAÇÃO DE SERVIÇOS CONFORME NF 30 - BONIFIQ DESENVOLVIMENTO E LICENCIAMENTO LTDA ,,,,,,,,,,504,,,,"15,000.00",,"15,000.00c",,,,,,"45,000.00c",,
17/04/2025,,,,,PRESTAÇÃO DE SERVIÇOS CONFORME NF 31 - BONIFIQ DESENVOLVIMENTO E LICENCIAMENTO LTDA ,,,,,,,,,,504,,,,"15,000.00",,"15,000.00c",,,,,,"60,000.00c",,
19/05/2025,,,,,PRESTAÇÃO DE SERVIÇOS CONFORME NF 32 - BONIFIQ DESENVOLVIMENTO E LICENCIAMENTO LTDA ,,,,,,,,,,504,,,,"15,000.00",,"15,000.00c",,,,,,"75,000.00c",,
23/06/2025,,,,,PRESTAÇÃO DE SERVIÇOS CONFORME NF 33 - BONIFIQ DESENVOLVIMENTO E LICENCIAMENTO LTDA ,,,,,,,,,,504,,,,"15,000.00",,"15,000.00c",,,,,,"90,000.00c",,
25/07/2025,,,,,PRESTAÇÃO DE SERVIÇOS CONFORME NF 35 - BONIFIQ DESENVOLVIMENTO E LICENCIAMENTO LTDA ,,,,,,,,,,504,,,,"16,000.00",,"16,000.00c",,,,,,"106,000.00c",,
20/08/2025,,,,,PRESTAÇÃO DE SERVIÇOS CONFORME NF 36 - BONIFIQ DESENVOLVIMENTO E LICENCIAMENTO LTDA ,,,,,,,,,,504,,,,"16,000.00",,"16,000.00c",,,,,,"122,000.00c",,
18/09/2025,,,,,PRESTAÇÃO DE SERVIÇOS CONFORME NF 37 - BONIFIQ DESENVOLVIMENTO E LICENCIAMENTO LTDA ,,,,,,,,,,504,,,,"16,000.00",,"16,000.00c",,,,,,"138,000.00c",,
20/10/2025,,,,,PRESTAÇÃO DE SERVIÇOS CONFORME NF 38 - BONIFIQ DESENVOLVIMENTO E LICENCIAMENTO LTDA ,,,,,,,,,,504,,,,"16,000.00",,"16,000.00c",,,,,,"154,000.00c",,
17/11/2025,,,,,PRESTAÇÃO DE SERVIÇOS CONFORME NF 39 - BONIFIQ DESENVOLVIMENTO E LICENCIAMENTO LTDA ,,,,,,,,,,504,,,,"16,000.00",,"16,000.00c",,,,,,"170,000.00c",,
Conta:,,480,,,,,-,,4.1.2.03.0008,,,,(-) SIMPLES NACIONAL,,,,,,,,,,,,,,,,
,,,,,SALDO ANTERIOR,,,,,,,,,,,,,,,,,,,,,,0.00,,
31/01/2025,,,,,VALOR A RECOLHER SIMPLES 01/2025 ,,,,,,,,,,479,,900.00,,,,900.00d,,,,,,900.00d,,
28/02/2025,,,,,VALOR A RECOLHER SIMPLES 02/2025 ,,,,,,,,,,479,,900.00,,,,900.00d,,,,,,"1,800.00d",,
31/03/2025,,,,,VALOR A RECOLHER SIMPLES 03/2025 ,,,,,,,,,,479,,900.00,,,,900.00d,,,,,,"2,700.00d",,
30/04/2025,,,,,VALOR A RECOLHER SIMPLES 04/2025 ,,,,,,,,,,479,,900.00,,,,900.00d,,,,,,"3,600.00d",,
31/05/2025,,,,,VALOR A RECOLHER SIMPLES 05/2025 ,,,,,,,,,,479,,900.00,,,,900.00d,,,,,,"4,500.00d",,
30/06/2025,,,,,VALOR A RECOLHER SIMPLES 06/2025 ,,,,,,,,,,479,,900.00,,,,900.00d,,,,,,"5,400.00d",,
31/07/2025,,,,,VALOR A RECOLHER SIMPLES 07/2025 ,,,,,,,,,,479,,960.00,,,,960.00d,,,,,,"6,360.00d",,
31/08/2025,,,,,VALOR A RECOLHER SIMPLES 08/2025 ,,,,,,,,,,479,,964.59,,,,964.59d,,,,,,"7,324.59d",,
30/09/2025,,,,,VALOR A RECOLHER SIMPLES 09/2025 ,,,,,,,,,,479,,969.15,,,,969.15d,,,,,,"8,293.74d",,
31/10/2025,,,,,VALOR A RECOLHER SIMPLES 10/2025 ,,,,,,,,,,479,,973.65,,,,973.65d,,,,,,"9,267.39d",,
30/11/2025,,,,,VALOR A RECOLHER SIMPLES 11/2025 ,,,,,,,,,,479,,978.08,,,,978.08d,,,,,,"10,245.47d",,
,,,,,,,,,,,,,,,,,,,,,,,,,,,,,
Sistema licenciado para COLINEAR CONTABILIDADE E FINANCAS LTDA,,,,,,,,,,,,,,,,,,,,,,,,,,,,,
